2512 4260
460 315 506 360 ns
528 315 639 360 cunno
660 315 795 361 urvruo.
1086 303 1125 363 25

166 451 222 554 Ι87.
246 484 319 552 Pro
336 481 672 570 dispensationibus
687 483 726 548 in
740 481 871 550 bannis
885 485 974 550 taxa
999 481 1037 549 in
1053 482 1128 571 Ap-

125 607 281 697 pendice
293 604 329 674 V
342 604 579 672 determinata
590 603 764 670 solvenda
772 604 848 670 erit.
891 602 965 669 Pro
981 603 1125 690 dispen-

126 727 329 796 sationibus
340 724 636 792 extraordinariis
649 744 671 789 a
684 725 814 790 Sancta
831 724 922 790 Sede
934 724 1122 809 concessis,

126 850 357 934 eleemosyna
390 864 558 932 congrua,
589 844 714 910 habita
742 845 881 911 ratione
911 843 1128 913 facultatum

127 973 320 1047 oratorum,
341 965 525 1053 eroganda
540 967 605 1048 est,
625 973 661 1031 et
683 964 859 1031 mittenda
881 965 929 1031 ad
944 964 1127 1033 (lancella-

126 1090 222 1158 rium
237 1086 276 1154 in
291 1087 373 1173 pios
389 1105 481 1152 usus
493 1085 640 1152 omnino
652 1085 907 1170 impendenda.
953 1083 1038 1151 Duo
1052 1104 1129 1151 scu·

127 1213 203 1277 tata
217 1206 387 1294 (dottam)
403 1208 578 1293 praeterea
599 1205 769 1271 addenda
783 1209 891 1272 erunt
911 1225 979 1293 pro
994 1205 1130 1291 impen-

128 1329 178 1397 sis
192 1327 274 1414 ejus
289 1324 407 1392 officii.
457 1324 546 1410 Syra.
563 1322 644 1390 Aio.
662 1324 717 1389 II.
778 1369 779 1372 ,

492 1544 653 1614 CAPUT
676 1545 762 1612 XII.

441 1706 493 1754 ns
516 1705 641 1755 cunno
665 1706 817 1754 orvruo.

171 1853 224 1916 88.
248 1845 419 1925 Ecclesia,
436 1845 613 1932 dirigente
629 1843 770 1932 Spiritu
790 1845 931 1928 Sancto,
947 1866 991 1912 ea
1008 1845 1128 1913 omnia

128 1969 320 2052 ordinavit,
333 1987 418 2056 quae
434 1967 585 2036 Cultum
602 1967 776 2033 Divinum
793 1968 1003 2055 respiciunt,
1019 1968 1070 2034 ita
1085 1971 1129 2035 ut

127 2091 222 2158 nihil
234 2089 328 2157 desit
339 2088 441 2176 qnod
455 2088 680 2175 majestatem
694 2088 763 2154 Dei
775 2088 910 2170 deceat,
923 2087 1016 2153 nihil
1027 2087 1131 2175 quod

127 2210 313 2299 populum
329 2208 509 2275 aedificare
525 2210 646 2294 queat.
692 2206 822 2275 Vestes
838 2227 958 2275 sacras
974 2211 1009 2274 et
1024 2227 1129 2275 caere-

128 2329 270 2398 monias
285 2347 419 2405 omnes,
430 2347 524 2414 quae
539 2327 681 2413 plebem
697 2326 889 2410 instruant,
907 2327 1130 2394 sacerdotem

127 2451 307 2532 moneant,
327 2447 409 2535 ipsa
430 2446 664 2535 prascripsit.
709 2446 845 2513 Earum
875 2447 985 2512 etiam
1012 2446 1130 2512 minu-

128 2567 307 2634 tissimam
331 2564 427 2651 quis,
446 2584 513 2630 suo
541 2583 652 2630 sensu
677 2562 880 2647 abundans,
902 2583 940 2630 se
967 2562 1132 2650 inculpa·

127 2693 208 2757 tum
223 2687 406 2774 negligere
422 2706 530 2774 posse
554 2687 697 2773 sperett
743 2685 948 2752 Meminerit
970 2687 1130 2774 quisquc

127 2809 295 2878 Minister
309 2828 410 2876 sacer
424 2808 660 2896 parabolae—-
670 2806 821 2877 “Vestis
837 2808 1046 2895 nuptialis.”
1085 2809 1134 2876 Et

129 2923 168 2998 iri
190 2927 331 2997 caeteris
353 2927 534 3011 omnibus,
554 2928 698 2995 incessu
714 2928 946 3014 potissimum
968 2949 1010 2996 ac
1025 2933 1129 2999 motu

128 3049 232 3138 gravi
254 3053 289 3117 et
310 3050 504 3116 verborum
526 3048 697 3116 distincta
716 3049 930 3136 prolatione,
945 3050 1014 3117 Dei
1029 3050 1131 3123 insti-

93 3199 96 3204 ’
128 3173 211 3239 tuta
226 3169 335 3257 digne
362 3168 441 3236 Deo
467 3172 643 3257 peragant
668 3189 711 3235 ao
734 3171 916 3257 populum
939 3170 987 3236 ad
1010 3169 1132 3237 Deum

131 3291 281 3359 elevent.
330 3288 584 3355 “Maledictus
608 3290 705 3355 enim
736 3290 802 3377 qui
828 3290 915 3356 facit
942 3311 1038 3377 opus
1061 3290 1131 3359 Dei

130 3401 413 3470 fraudulenter.”
463 3401 607 3488 (Jerem.
624 3402 739 3486 xlviii,
759 3404 829 3490 10.)
885 3403 1016 3470 Omnia
1046 3424 1132 3492 ergo

133 3526 248 3614 juxta
262 3524 479 3612 praescripta
505 3524 543 3591 iu
566 3523 717 3609 Missali,
738 3525 880 3595 Rituali
906 3529 942 3593 et
957 3525 1132 3595 Oaeremo

131 3645 231 3728 niali,
247 3649 289 3713 ut
305 3646 528 3713 adamussim
546 3645 791 3730 observentur,
811 3647 1039 3715 mandamus.
