2512 4260
122 326 143 384 4
275 336 405 384 SYNODI
426 339 755 384 OGDENSBURGENSIS
777 339 790 383 I
812 338 970 384 STATUTA.

491 624 652 692 CAPUT
676 624 743 690 ΙΙΙ.

318 800 370 848 DE
393 799 661 849 SAORAMENTIS
685 800 729 848 IN
753 799 920 848 GENERE.

167 934 219 998 12.
246 936 266 969 “
277 933 370 1000 Cum
395 932 433 999 in
464 932 626 999 Ecclesia
652 932 721 999 Dei
747 932 841 999 nihil
867 932 1029 1000 sanctius
1059 935 1128 1000 aut

124 1053 265 1137 utilius,
279 1053 446 1141 nihilque
471 1053 709 1121 excellentius
732 1056 798 1119 aut
820 1053 935 1140 magis
958 1052 1126 1122 divinum

125 1177 314 1260 habeatur,
339 1197 451 1264 quam
485 1178 715 1272 Sacramenta
737 1176 785 1242 ad
811 1176 962 1244 humani
983 1178 1127 1263 generis

125 1298 280 1367 salutem
297 1320 320 1366 a
332 1299 477 1369 Christo
490 1299 647 1374 Domino
660 1299 845 1366 instituta:
869 1299 1053 1387 parochus
1068 1301 1127 1367 vel

128 1421 250 1507 quivis
265 1421 361 1488 alius
377 1421 545 1489 sacerdos
567 1421 616 1488 ad
631 1441 740 1508 quem
756 1442 881 1488 eorum
897 1421 1127 1488 administra·

126 1545 177 1612 tic
193 1545 349 1632 pertinet
372 1545 576 1613 meminisse
601 1545 780 1633 imprimis
804 1545 913 1611 debet
936 1565 973 1612 se
1002 1549 1129 1611 sancta

127 1670 279 1733 tractare
305 1671 416 1753 atquc
448 1667 546 1733 omni
571 1667 643 1734 fere
668 1666 841 1754 temporis
874 1670 1055 1732 momento
1079 1666 1130 1733 ad

127 1797 201 1860 tam
233 1797 366 1861 sanctae
396 1794 719 1861 administrationis
761 1793 919 1860 officium
956 1796 1130 1880 paratum

128 1934 204 1981 esse
228 1915 427 2002 oportere.’'
491 1915 734 1995 Quamobrem
767 1917 1031 2001 “quacumque
1055 1913 1131 1979 diei

127 2033 182 2100 vel
201 2034 316 2100 noctis
332 2034 422 2100 hora
440 2033 488 2100 ad
515 2037 738 2101 sacramenta
768 2033 1008 2100 ministranda
1023 2052 1130 2099 voea-

127 2154 236 2236 bitur‚
250 2154 389 2221 nullam
415 2155 532 2221 officio
549 2175 616 2221 suc
633 2155 850 2242 praestanda
871 2155 1073 2241 praesertim
1099 2156 1132 2221 si

128 2275 323 2342 necessitas
341 2279 475 2360 urgeat,
491 2295 628 2342 moram
644 2275 886 2362 interponat.”
932 2275 1007 2343 Hit.
1021 2275 1130 2342 Rom.

129 2397 247 2466 Buta
266 2398 427 2485 penerel.

173 2591 225 2654 13.
253 2587 422 2655 Pastores
448 2608 593 2674 gregem
610 2587 680 2654 sibi
695 2587 929 2655 commissum
947 2588 992 2654 de
1010 2588 1132 2655 Sacra

127 2715 335 2780 mentorum
357 2712 490 2779 virtute
525 2715 561 2778 et
592 2711 643 2778 de·
663 2711 931 2799 praeparatione
954 2711 1013 2778 his
1039 2732 1132 2798 prae-

130 2832 317 2913 mittenda,
328 2831 472 2918 quoties
488 2832 629 2898 occasio
646 2830 804 2913 offertur,
818 2831 1011 2918 diligenter
1029 2831 1133 2899 insti-

130 2956 245 3020 tuant.
295 2951 398 3020 Ocno.
419 2951 527 3019 Pleu.
547 2971 584 3020 a.
601 2953 673 3017 208.

176 3156 227 3217 14.
253 3150 444 3218 Ourabunt
467 3148 701 3215 ecclesiarum
726 3147 898 3216 Rectores
913 3151 956 3215 nt
971 3148 1133 3217 maleriae

135 3272 449 3338 Sacramentorum
482 3268 648 3351 fideliter,
678 3268 832 3335 sollicite
854 3288 897 3335 ac
928 3273 1135 3335 reverenter

134 3391 397 3473 custodiantur,
407 3395 519 3478 atque
531 3393 574 3458 ut
585 3389 766 3477 supellerr,
774 3392 901 3471 vestes,
912 3392 1133 3472 ornamenta,

133 3513 345 3581 linteamina
359 3516 396 3580 et
411 3533 499 3580 vasa
513 3511 704 3579 ministerii
720 3512 867 3599 integra,
882 3510 998 3577 nitida
1010 3510 1083 3578 sint
1097 3515 1136 3578 ot

134 3637 281 3704 munda.
329 3637 433 3705 Ocno.
453 3636 561 3704 Plea.
577 3654 614 3703 a.
631 3638 705 3703 208.
