2512 4260
398 321 509 367 rnnnx
533 319 800 366 ancaranrrcus.
1057 310 1095 370 63

139 485 201 547 Pro
216 485 284 564 ejus
298 482 393 544 officii
409 482 559 561 impensis
575 484 649 543 taxa
663 480 821 544 solvenda.
843 485 890 546 87.
1033 474 1092 522 Μ

139 565 269 646 Regula
284 563 488 626 Oancellariae
502 562 719 624 Dioecesaneae.
761 562 844 643 App.
859 563 898 624 V.

97 727 239 789 canona
254 726 541 786 Eocnrsmumcm
555 771 1006 789 .......................
1053 730 1093 791 28

138 808 289 870 Carmina
304 805 471 868 vernaculo
492 804 643 866 idiomate
665 805 751 867 infra
771 804 943 869 Missarum
963 826 1012 870 so·

175 888 295 949 lemnia
305 887 354 949 vel
368 886 521 967 Vesperas
535 905 601 947 non
616 890 796 948 cantentur.
817 889 885 947 101.

136 968 175 1030 Id
197 968 272 1030 licet
299 971 374 1030 ante
388 968 437 1030 vel
461 970 535 1047 post
562 966 744 1029 functiones
775 966 1008 1032 ecclesiasticas.

140 1131 249 1194 Gloria
262 1132 295 1190 et
313 1128 407 1192 Credo
429 1128 665 1190 concludantur
679 1128 713 1190 in
728 1128 825 1190 choro
839 1131 1012 1211 antequam

176 1210 275 1273 Missa
288 1209 503 1273 continuetur.
526 1212 573 1273 97.

136 1291 323 1434 Οῐὲῖειηᾶιιω
338 1293 376 1351 ut
390 1290 456 1371 ipse
470 1290 608 1370 populus
629 1287 749 1353 Divina
763 1290 867 1376 officia
881 1294 1009 1353 cantare

198 1376 333 1434 coeatur.
356 1375 424 1432 100.

95 1532 205 1595 Orsus
220 1533 416 1598 Rasnnvrrr
432 1579 1004 1596 .............................
1052 1536 1092 1597 18

134 1614 186 1675 Ab
215 1614 278 1675 illis
306 1632 398 1674 nemo
427 1613 496 1675 sine
524 1613 651 1692 speciali
673 1613 827 1675 facultate
851 1614 1011 1708 absolvere

174 1698 287 1774 potest.
310 1697 357 1755 65.

134 1774 384 1849 Enumerantur.
407 1777 454 1836 65.

94 1937 395 1999 Oaranoanrrcurr
411 1981 1002 1999 ..............................
1050 1939 1090 2001 37

133 2018 164 2079 Α
180 2017 313 2098 cingulis
329 2016 513 2078 Pastoribus
535 2016 722 2078 solvendum
738 2016 910 2097 quotannis
924 2015 1010 2079 infra

175 2098 329 2161 Octavam
343 2097 563 2160 Immaculata
575 2097 809 2178 conceptionis.
831 2099 898 2160 132.

92 2260 271 2324 cromam
288 2303 1001 2323 ....................................
1049 2262 1087 2321 41

133 2340 263 2403 Clericis
278 2339 525 2402 interdicuntur.
552 2342 621 2402 144.

68 2525 70 2530 ’
91 2502 266 2565 Cumanam
287 2545 1002 2565 ....................................
1049 2502 1087 2564 31

131 2584 194 2644 Eas
209 2601 310 2662 neque
319 2586 408 2655 ferra
418 2601 521 2662 neque
535 2580 723 2643 comminari
733 2579 862 2662 propria
872 2579 1009 2642 auctori·

38 2683 42 2687 ·
170 2669 236 2725 tate
250 2664 357 2725 valent
372 2662 525 2725 Pastorem
547 2665 618 2723 110.

91 2796 719 2939 OE0¹‘.lla1·.·.·.l..a·.·0·.·f·.·.l.·.·..rar
732 2837 1001 2937 caelant:
1049 2793 1089 2853 ²⁸

171 2976 238 3018 sam
254 2956 362 3018 ardere
376 2957 500 3018 debent.
523 2958 571 3019 08.

90 3118 295 3179 Carnorum
326 3162 999 3181 ..................................
1047 3121 1087 3182 40

131 3197 213 3258 Eam
228 3215 293 3256 non
308 3201 475 3258 exerceant
488 3197 603 3260 clerici.
625 3202 694 3260 140.

91 3355 244 3419 Onerum
265 3402 998 3422 .....................................
1046 3363 1087 3423 40

128 3437 172 3500 Iis
187 3436 294 3500 clerici
309 3456 348 3499 ne
362 3436 521 3499 intersint.
544 3441 611 3499 140.

90 3601 233 3663 Onanrcr
264 3645 998 3666 .....................................
1044 3605 1085 3666 39

129 3682 323 3761 Exemplum
337 3681 403 3744 sint
413 3680 566 3748 fidelium.
590 3684 658 3745 138.
