2512 4260
128 288 166 346 10
275 298 406 344 srucnr
428 297 757 345 connusnnnerusrs
778 298 792 342 1
814 298 972 348 srsrnrr.

169 469 220 534 35.
246 466 455 534 Benedictio
472 464 633 532 mulieris
648 469 733 553 post
756 468 903 552 parturn
918 485 1125 552 numquam

125 588 190 655 fiet
204 592 308 654 extra
323 588 510 654 ecclesiam
526 587 585 654 vel
607 587 730 654 locum
755 587 819 653 ubi
835 586 1037 653 celebratur
1061 586 1124 652 Sa·

125 733 236 779 orum.
285 712 387 779 (lonc.
405 712 511 778 Pleu.
530 731 567 778 n.
584 714 658 778 246.

167 943 218 1005 36.
244 937 452 1004 Benedictio
482 936 561 1003 haec
591 934 764 1017 denegari
793 934 921 1001 debet:
957 938 998 1014 1⁰,
1014 932 1125 999 matri

125 1059 230 1146 pueri
246 1057 426 1144 illegitimi
442 1078 450 1140 ;
475 1057 516 1137 2⁰,
533 1056 680 1123 mulieri
696 1075 781 1143 quae
796 1054 966 1123 fidelibus
981 1053 1125 1141 praebet

125 1178 361 1260 scandalum3
409 1179 450 1260 3⁰,
478 1178 624 1245 feminae
661 1197 746 1265 quae
788 1196 909 1242 coram
955 1193 1124 1262 praecone

124 1303 326 1370 acatholico
342 1302 612 1368 matrimonium
633 1301 862 1384 contraxerit,
880 1300 951 1367 nisi
974 1297 1124 1366 scanda-

124 1431 202 1496 lum
218 1429 328 1495 fuerit
343 1432 562 1515 reparatum.

503 1705 665 1775 CAPUT
695 1705 741 1776 V.

419 1884 471 1932 nn
494 1882 823 1933 courrnnlrrorrn.

169 2026 220 2088 37.
250 2021 341 2090 (ium
359 2025 414 2089 tot
429 2023 501 2090 sint
516 2023 634 2089 adulti
651 2022 688 2087 in
705 2022 772 2088 hac
788 2021 944 2089 Dioecesi
959 2021 1124 2087 nondum

127 2143 417 2212 Confirmationis
435 2143 666 2209 Sacramento
683 2142 822 2230 signati,
837 2142 1039 2208 animarum
1056 2141 1126 2208 Ou-

127 2272 264 2336 ratores
279 2268 482 2355 impensius
505 2267 694 2333 hortamur
709 2269 760 2349 ut,
780 2273 959 2353 quantum
978 2265 1016 2337 in
1031 2265 1125 2352 ipsis

127 2392 247 2477 fuerit,
283 2414 406 2460 omnes
446 2392 662 2474 occasiones,
700 2391 900 2479 praesertim
940 2410 1125 2458 sacrarum

127 2512 353 2596 Missionum‚
365 2519 400 2580 et
414 2515 566 2581 alierum
581 2512 815 2579 devotionum
832 2514 995 2598 tempora
1010 2514 1127 2577 extro

128 2635 310 2700 ordinaria
326 2635 502 2720 arripiant
525 2634 574 2702 ed
600 2633 684 2700 illos
711 2632 945 2700 instruendos
966 2652 1009 2698 ao
1035 2651 1126 2719 prae·

128 2755 311 2841 parandos
326 2754 413 2821 huic
430 2756 660 2822 Sacramento
676 2754 744 2822 rite
760 2752 1002 2840 suscipiendo.

172 2984 223 3047 38.
249 2979 496 3047 Confirmandi
511 2981 699 3047 habebunt
710 2979 891 3064 Petrinus,
905 2978 1041 3068 singuli
1057 2980 1127 3048 sin-

128 3106 246 3192 gulos.
292 3104 401 3185 Quod
417 3105 447 3172 si
462 3109 517 3172 tot
540 3105 665 3202 heberi
690 3109 882 3191 nequeant,
902 3105 1030 3172 saltem
1053 3105 1129 3171 duo

128 3245 197 3312 pro
224 3225 348 3310 pueris
375 3224 515 3291 Patrini
542 3229 578 3291 et
602 3224 687 3292 duae
712 3245 778 3312 pro
801 3224 937 3312 puellis
960 3224 1130 3292 Matrinae

130 3355 381 3422 adhibeant-ur.
429 3354 534 3422 Cone.
553 3354 660 3423 Plen.
677 3375 714 3423 n.
731 3358 804 3422 253.
