<?xml version="1.0" encoding="UTF-8"?>
<!DOCTYPE html PUBLIC "-//W3C//DTD XHTML 1.0 Transitional//EN"
    "http://www.w3.org/TR/xhtml1/DTD/xhtml1-transitional.dtd">
<html xmlns="http://www.w3.org/1999/xhtml" xml:lang="en" lang="en">
 <head>
  <title>
</title>
<meta http-equiv="Content-Type" content="text/html;charset=utf-8" />
  <meta name='ocr-system' content='tesseract 3.04.00' />
  <meta name='ocr-capabilities' content='ocr_page ocr_carea ocr_par ocr_line ocrx_word'/>
</head>
<body>
  <div class='ocr_page' id='page_1' title='image "./statutadioecese00diocgoog_0059.png"; bbox 0 0 2512 4260; ppageno 0'>
   <div class='ocr_carea' id='block_1_1' title="bbox 173 317 1017 377">
    <p class='ocr_par' dir='ltr' id='par_1_1' title="bbox 173 317 1017 377">
     <span class='ocr_line' id='line_1_1' title="bbox 173 317 1017 377; baseline -0.004 0"><span class='ocrx_word' id='word_1_1' title='bbox 173 317 213 377; x_wconf 82' lang='lat'>38</span> <span class='ocrx_word' id='word_1_2' title='bbox 324 327 456 377; x_wconf 76' lang='lat' dir='ltr'>sruour</span> <span class='ocrx_word' id='word_1_3' title='bbox 475 325 803 374; x_wconf 77' lang='lat' dir='ltr'>oonnussunonusrs</span> <span class='ocrx_word' id='word_1_4' title='bbox 824 325 839 370; x_wconf 94' lang='lat'>1</span> <span class='ocrx_word' id='word_1_5' title='bbox 858 325 1017 374; x_wconf 73' lang='lat' dir='ltr'>suarum.</span> 
     </span>
    </p>
   </div>
   <div class='ocr_carea' id='block_1_2' title="bbox 172 494 1176 1766">
    <p class='ocr_par' dir='ltr' id='par_1_2' title="bbox 172 494 1176 1766">
     <span class='ocr_line' id='line_1_2' title="bbox 172 494 1175 584; baseline 0.003 -20"><span class='ocrx_word' id='word_1_6' title='bbox 172 496 382 565; x_wconf 79' lang='lat' dir='ltr'><strong>missionem</strong></span> <span class='ocrx_word' id='word_1_7' title='bbox 399 497 565 584; x_wconf 84' lang='lat' dir='ltr'>spectant</span> <span class='ocrx_word' id='word_1_8' title='bbox 585 494 798 562; x_wconf 88' lang='lat' dir='ltr'>referantur.</span> <span class='ocrx_word' id='word_1_9' title='bbox 845 494 972 562; x_wconf 80' lang='lat' dir='ltr'><strong>Statim</strong></span> <span class='ocrx_word' id='word_1_10' title='bbox 995 516 1037 564; x_wconf 85' lang='lat' dir='ltr'>ac</span> <span class='ocrx_word' id='word_1_11' title='bbox 1055 498 1175 567; x_wconf 82' lang='lat' dir='ltr'>Sacer-</span> 
     </span>
     <span class='ocr_line' id='line_1_3' title="bbox 173 613 1176 704; baseline 0.003 -19"><span class='ocrx_word' id='word_1_12' title='bbox 173 617 241 685; x_wconf 90' lang='lat' dir='ltr'>dos</span> <span class='ocrx_word' id='word_1_13' title='bbox 268 616 404 704; x_wconf 89' lang='lat' dir='ltr'>aliquis</span> <span class='ocrx_word' id='word_1_14' title='bbox 430 614 592 682; x_wconf 82' lang='lat' dir='ltr'>ecclosiae</span> <span class='ocrx_word' id='word_1_15' title='bbox 614 613 681 681; x_wconf 90' lang='lat' dir='ltr'>uni</span> <span class='ocrx_word' id='word_1_16' title='bbox 702 614 761 680; x_wconf 92' lang='lat' dir='ltr'>vel</span> <span class='ocrx_word' id='word_1_17' title='bbox 782 614 954 702; x_wconf 86' lang='lat' dir='ltr'>pluribus</span> <span class='ocrx_word' id='word_1_18' title='bbox 977 618 1176 704; x_wconf 87' lang='lat' dir='ltr'>praefectus</span> 
     </span>
     <span class='ocr_line' id='line_1_4' title="bbox 172 737 1172 824; baseline 0.002 -17"><span class='ocrx_word' id='word_1_19' title='bbox 172 740 292 823; x_wconf 89' lang='lat' dir='ltr'>fuerit,</span> <span class='ocrx_word' id='word_1_20' title='bbox 311 740 483 806; x_wconf 85' lang='lat' dir='ltr'>volumus</span> <span class='ocrx_word' id='word_1_21' title='bbox 505 742 549 805; x_wconf 89' lang='lat' dir='ltr'>ut</span> <span class='ocrx_word' id='word_1_22' title='bbox 570 737 763 824; x_wconf 73' lang='lat' dir='ltr'>diligenter</span> <span class='ocrx_word' id='word_1_23' title='bbox 783 737 822 803; x_wconf 91' lang='lat' dir='ltr'>in</span> <span class='ocrx_word' id='word_1_24' title='bbox 844 737 914 806; x_wconf 86' lang='lat' dir='ltr'>hoc</span> <span class='ocrx_word' id='word_1_25' title='bbox 929 739 1024 807; x_wconf 92' lang='lat' dir='ltr'>libro</span> <span class='ocrx_word' id='word_1_26' title='bbox 1040 741 1172 808; x_wconf 89' lang='lat' dir='ltr'>descri-</span> 
     </span>
     <span class='ocr_line' id='line_1_5' title="bbox 172 858 1174 945; baseline 0.001 -17"><span class='ocrx_word' id='word_1_27' title='bbox 172 860 237 928; x_wconf 85' lang='lat' dir='ltr'>bat</span> <span class='ocrx_word' id='word_1_28' title='bbox 261 859 452 927; x_wconf 85' lang='lat' dir='ltr'>elenchum</span> <span class='ocrx_word' id='word_1_29' title='bbox 479 858 642 925; x_wconf 93' lang='lat' dir='ltr'>omnium</span> <span class='ocrx_word' id='word_1_30' title='bbox 677 878 862 925; x_wconf 86' lang='lat' dir='ltr'>sacrorum</span> <span class='ocrx_word' id='word_1_31' title='bbox 888 878 1069 945; x_wconf 86' lang='lat' dir='ltr'>vasorum,</span> <span class='ocrx_word' id='word_1_32' title='bbox 1099 883 1174 930; x_wconf 85' lang='lat' dir='ltr'>ves-</span> 
     </span>
     <span class='ocr_line' id='line_1_6' title="bbox 172 980 1172 1069; baseline 0.002 -19"><span class='ocrx_word' id='word_1_33' title='bbox 172 981 274 1067; x_wconf 89' lang='lat' dir='ltr'>tium,</span> <span class='ocrx_word' id='word_1_34' title='bbox 305 985 382 1065; x_wconf 85' lang='lat' dir='ltr'>etc,</span> <span class='ocrx_word' id='word_1_35' title='bbox 414 999 499 1069; x_wconf 85' lang='lat' dir='ltr'>quae</span> <span class='ocrx_word' id='word_1_36' title='bbox 526 981 575 1048; x_wconf 88' lang='lat' dir='ltr'>ad</span> <span class='ocrx_word' id='word_1_37' title='bbox 603 980 813 1047; x_wconf 84' lang='lat' dir='ltr'>missionem</span> <span class='ocrx_word' id='word_1_38' title='bbox 843 981 1045 1069; x_wconf 84' lang='lat' dir='ltr'>pertineut3</span> <span class='ocrx_word' id='word_1_39' title='bbox 1084 985 1172 1052; x_wconf 91' lang='lat' dir='ltr'>item</span> 
     </span>
     <span class='ocr_line' id='line_1_7' title="bbox 172 1100 1174 1192; baseline 0.004 -23"><span class='ocrx_word' id='word_1_40' title='bbox 172 1103 269 1170; x_wconf 91' lang='lat' dir='ltr'>utin</span> <span class='ocrx_word' id='word_1_41' title='bbox 284 1124 327 1168; x_wconf 90' lang='lat' dir='ltr'>eo</span> <span class='ocrx_word' id='word_1_42' title='bbox 343 1100 522 1169; x_wconf 81' lang='lat' dir='ltr'>describat</span> <span class='ocrx_word' id='word_1_43' title='bbox 537 1121 679 1168; x_wconf 90' lang='lat' dir='ltr'>omnem</span> <span class='ocrx_word' id='word_1_44' title='bbox 695 1100 828 1169; x_wconf 92' lang='lat' dir='ltr'>domus</span> <span class='ocrx_word' id='word_1_45' title='bbox 844 1102 1039 1188; x_wconf 85' lang='lat' dir='ltr'>pastoralis</span> <span class='ocrx_word' id='word_1_46' title='bbox 1055 1107 1174 1192; x_wconf 90' lang='lat' dir='ltr'>supel-</span> 
     </span>
     <span class='ocr_line' id='line_1_8' title="bbox 172 1220 1173 1308; baseline 0.003 -19"><span class='ocrx_word' id='word_1_47' title='bbox 172 1223 338 1290; x_wconf 89' lang='lat' dir='ltr'>lectilem.</span> <span class='ocrx_word' id='word_1_48' title='bbox 402 1220 654 1308; x_wconf 74' lang='lat' dir='ltr'>Quaecumque</span> <span class='ocrx_word' id='word_1_49' title='bbox 684 1241 769 1288; x_wconf 91' lang='lat' dir='ltr'>vero</span> <span class='ocrx_word' id='word_1_50' title='bbox 807 1221 904 1289; x_wconf 85' lang='lat' dir='ltr'>dona</span> <span class='ocrx_word' id='word_1_51' title='bbox 934 1223 1121 1292; x_wconf 84' lang='lat' dir='ltr'>Sacerdoti</span> <span class='ocrx_word' id='word_1_52' title='bbox 1150 1245 1173 1292; x_wconf 93' lang='grc'>1</span> 
     </span>
     <span class='ocr_line' id='line_1_9' title="bbox 172 1321 1172 1426; baseline 0.004 -18"><span class='ocrx_word' id='word_1_53' title='bbox 172 1341 346 1409; x_wconf 91' lang='lat' dir='ltr'>fidelibus</span> <span class='ocrx_word' id='word_1_54' title='bbox 362 1340 486 1408; x_wconf 82' lang='lat' dir='ltr'>oblata</span> <span class='ocrx_word' id='word_1_55' title='bbox 496 1338 633 1406; x_wconf 87' lang='lat' dir='ltr'>fuerint</span> <span class='ocrx_word' id='word_1_56' title='bbox 648 1349 824 1426; x_wconf 86' lang='lat' dir='ltr'>tanquam</span> <span class='ocrx_word' id='word_1_57' title='bbox 837 1321 957 1409; x_wconf 85' lang='lat' dir='ltr'>media</span> <span class='ocrx_word' id='word_1_58' title='bbox 969 1343 1017 1409; x_wconf 91' lang='lat' dir='ltr'>ad</span> <span class='ocrx_word' id='word_1_59' title='bbox 1033 1343 1172 1412; x_wconf 88' lang='lat' dir='ltr'>missio·</span> 
     </span>
     <span class='ocr_line' id='line_1_10' title="bbox 172 1459 1172 1549; baseline 0.007 -23"><span class='ocrx_word' id='word_1_60' title='bbox 172 1460 265 1526; x_wconf 86' lang='lat' dir='ltr'>narii</span> <span class='ocrx_word' id='word_1_61' title='bbox 293 1480 430 1527; x_wconf 92' lang='lat' dir='ltr'>munus</span> <span class='ocrx_word' id='word_1_62' title='bbox 467 1459 707 1547; x_wconf 89' lang='lat' dir='ltr'>implendum,</span> <span class='ocrx_word' id='word_1_63' title='bbox 738 1463 781 1527; x_wconf 91' lang='lat' dir='ltr'>ut</span> <span class='ocrx_word' id='word_1_64' title='bbox 809 1462 905 1548; x_wconf 90' lang='lat' dir='ltr'>equi,</span> <span class='ocrx_word' id='word_1_65' title='bbox 926 1484 1066 1549; x_wconf 87' lang='lat' dir='ltr'>currus,</span> <span class='ocrx_word' id='word_1_66' title='bbox 1094 1469 1172 1549; x_wconf 81' lang='lat' dir='ltr'>eto,</span> 
     </span>
     <span class='ocr_line' id='line_1_11' title="bbox 172 1579 1173 1664; baseline 0.005 -18"><span class='ocrx_word' id='word_1_67' title='bbox 172 1579 334 1646; x_wconf 86' lang='lat' dir='ltr'>ecclesiae</span> <span class='ocrx_word' id='word_1_68' title='bbox 365 1579 487 1647; x_wconf 84' lang='lat' dir='ltr'>oblata</span> <span class='ocrx_word' id='word_1_69' title='bbox 525 1580 779 1664; x_wconf 86' lang='lat' dir='ltr'>censebuntur,</span> <span class='ocrx_word' id='word_1_70' title='bbox 814 1581 886 1648; x_wconf 90' lang='lat' dir='ltr'>nisi</span> <span class='ocrx_word' id='word_1_71' title='bbox 916 1580 961 1648; x_wconf 88' lang='lat' dir='ltr'>de</span> <span class='ocrx_word' id='word_1_72' title='bbox 991 1585 1173 1652; x_wconf 83' lang='lat' dir='ltr'>contrario</span> 
     </span>
     <span class='ocr_line' id='line_1_12' title="bbox 173 1700 971 1766; baseline -0.003 -2"><span class='ocrx_word' id='word_1_73' title='bbox 173 1702 271 1765; x_wconf 88' lang='lat' dir='ltr'>certo</span> <span class='ocrx_word' id='word_1_74' title='bbox 288 1700 435 1766; x_wconf 87' lang='lat' dir='ltr'>constet.</span> <span class='ocrx_word' id='word_1_75' title='bbox 968 1714 971 1718; x_wconf 66' lang='grc'><strong><em>’</em></strong></span> 
     </span>
    </p>
   </div>
   <div class='ocr_carea' id='block_1_3' title="bbox 354 2055 985 2283">
    <p class='ocr_par' dir='ltr' id='par_1_3' title="bbox 354 2055 985 2283">
     <span class='ocr_line' id='line_1_13' title="bbox 517 2055 828 2127; baseline -0.006 -2"><span class='ocrx_word' id='word_1_76' title='bbox 517 2055 614 2125; x_wconf 81' lang='grc' dir='ltr'>ΟΑΡ</span> <span class='ocrx_word' id='word_1_77' title='bbox 622 2056 679 2124; x_wconf 88' lang='lat' dir='ltr'>UT</span> <span class='ocrx_word' id='word_1_78' title='bbox 702 2056 828 2127; x_wconf 88' lang='lat' dir='ltr'><strong>XVII.</strong></span> 
     </span>
     <span class='ocr_line' id='line_1_14' title="bbox 354 2231 985 2283; baseline 0.002 -2"><span class='ocrx_word' id='word_1_79' title='bbox 354 2233 407 2281; x_wconf 81' lang='lat' dir='ltr'>nu</span> <span class='ocrx_word' id='word_1_80' title='bbox 429 2231 637 2280; x_wconf 77' lang='lat' dir='ltr'>socrurnrn</span> <span class='ocrx_word' id='word_1_81' title='bbox 660 2232 785 2282; x_wconf 80' lang='lat' dir='ltr'>uuum</span> <span class='ocrx_word' id='word_1_82' title='bbox 808 2232 985 2283; x_wconf 81' lang='lat' dir='ltr'>sunsrnrr.</span> 
     </span>
    </p>
   </div>
   <div class='ocr_carea' id='block_1_4' title="bbox 170 2370 1175 3293">
    <p class='ocr_par' dir='ltr' id='par_1_4' title="bbox 170 2370 1175 3293">
     <span class='ocr_line' id='line_1_15' title="bbox 215 2370 1175 2458; baseline 0.005 -19"><span class='ocrx_word' id='word_1_83' title='bbox 215 2375 289 2439; x_wconf 84' lang='lat'><strong>135.</strong></span> <span class='ocrx_word' id='word_1_84' title='bbox 309 2371 367 2438; x_wconf 90' lang='lat' dir='ltr'>Ne</span> <span class='ocrx_word' id='word_1_85' title='bbox 379 2391 447 2439; x_wconf 85' lang='lat' dir='ltr'>sua</span> <span class='ocrx_word' id='word_1_86' title='bbox 462 2370 582 2438; x_wconf 85' lang='lat' dir='ltr'>desint</span> <span class='ocrx_word' id='word_1_87' title='bbox 597 2391 761 2458; x_wconf 92' lang='lat' dir='ltr'>unquam</span> <span class='ocrx_word' id='word_1_88' title='bbox 775 2372 1034 2441; x_wconf 80' lang='lat' dir='ltr'>Sacerdotibus</span> <span class='ocrx_word' id='word_1_89' title='bbox 1048 2375 1175 2444; x_wconf 85' lang='lat' dir='ltr'>labore</span> 
     </span>
     <span class='ocr_line' id='line_1_16' title="bbox 170 2491 1170 2580; baseline 0.001 -19"><span class='ocrx_word' id='word_1_90' title='bbox 170 2492 230 2561; x_wconf 86' lang='lat' dir='ltr'>vel</span> <span class='ocrx_word' id='word_1_91' title='bbox 246 2492 345 2560; x_wconf 86' lang='lat' dir='ltr'>senio</span> <span class='ocrx_word' id='word_1_92' title='bbox 360 2491 485 2559; x_wconf 85' lang='lat' dir='ltr'>fractis</span> <span class='ocrx_word' id='word_1_93' title='bbox 499 2494 565 2558; x_wconf 87' lang='lat' dir='ltr'>aut</span> <span class='ocrx_word' id='word_1_94' title='bbox 580 2491 802 2559; x_wconf 86' lang='lat' dir='ltr'>diuturniori</span> <span class='ocrx_word' id='word_1_95' title='bbox 827 2493 1045 2580; x_wconf 85' lang='lat' dir='ltr'>aegritudine</span> <span class='ocrx_word' id='word_1_96' title='bbox 1067 2496 1170 2563; x_wconf 85' lang='lat' dir='ltr'>labo-</span> 
     </span>
     <span class='ocr_line' id='line_1_17' title="bbox 170 2612 1174 2696; baseline 0.004 -17"><span class='ocrx_word' id='word_1_97' title='bbox 170 2614 339 2681; x_wconf 84' lang='lat' dir='ltr'>rantibus</span> <span class='ocrx_word' id='word_1_98' title='bbox 354 2614 555 2681; x_wconf 86' lang='lat' dir='ltr'>necessaria</span> <span class='ocrx_word' id='word_1_99' title='bbox 567 2612 741 2696; x_wconf 86' lang='lat' dir='ltr'>subsidia,</span> <span class='ocrx_word' id='word_1_100' title='bbox 757 2614 969 2681; x_wconf 86' lang='lat' dir='ltr'>saecularem</span> <span class='ocrx_word' id='word_1_101' title='bbox 981 2635 1001 2681; x_wconf 89' lang='lat' dir='ltr'>e</span> <span class='ocrx_word' id='word_1_102' title='bbox 1012 2614 1174 2683; x_wconf 84' lang='lat' dir='ltr'>Dioecesi</span> 
     </span>
     <span class='ocr_line' id='line_1_18' title="bbox 171 2733 1173 2821; baseline 0.002 -20"><span class='ocrx_word' id='word_1_103' title='bbox 171 2733 309 2802; x_wconf 85' lang='lat' dir='ltr'>Nostra</span> <span class='ocrx_word' id='word_1_104' title='bbox 324 2733 470 2802; x_wconf 78' lang='lat' dir='ltr'>Olenum</span> <span class='ocrx_word' id='word_1_105' title='bbox 493 2754 711 2821; x_wconf 85' lang='lat' dir='ltr'>magnopere</span> <span class='ocrx_word' id='word_1_106' title='bbox 727 2733 916 2801; x_wconf 87' lang='lat' dir='ltr'>hortamur</span> <span class='ocrx_word' id='word_1_107' title='bbox 937 2737 980 2801; x_wconf 92' lang='lat' dir='ltr'>ut</span> <span class='ocrx_word' id='word_1_108' title='bbox 1002 2738 1173 2803; x_wconf 83' lang='lat' dir='ltr'>mutuam</span> 
     </span>
     <span class='ocr_line' id='line_1_19' title="bbox 170 2854 1174 2944; baseline 0.004 -22"><span class='ocrx_word' id='word_1_109' title='bbox 170 2855 265 2923; x_wconf 91' lang='lat' dir='ltr'>iuter</span> <span class='ocrx_word' id='word_1_110' title='bbox 292 2877 330 2924; x_wconf 88' lang='lat' dir='ltr'>se</span> <span class='ocrx_word' id='word_1_111' title='bbox 353 2856 560 2944; x_wconf 85' lang='lat' dir='ltr'>societatem</span> <span class='ocrx_word' id='word_1_112' title='bbox 589 2857 721 2937; x_wconf 87' lang='lat' dir='ltr'>ineant,</span> <span class='ocrx_word' id='word_1_113' title='bbox 749 2857 860 2942; x_wconf 86' lang='lat' dir='ltr'>atque</span> <span class='ocrx_word' id='word_1_114' title='bbox 886 2854 978 2924; x_wconf 85' lang='lat' dir='ltr'>adeo</span> <span class='ocrx_word' id='word_1_115' title='bbox 1005 2858 1174 2944; x_wconf 83' lang='lat' dir='ltr'>pecuniae</span> 
     </span>
     <span class='ocr_line' id='line_1_20' title="bbox 171 2977 1173 3065; baseline 0.002 -20"><span class='ocrx_word' id='word_1_116' title='bbox 171 2978 381 3065; x_wconf 89' lang='lat' dir='ltr'>depositum</span> <span class='ocrx_word' id='word_1_117' title='bbox 407 2978 643 3060; x_wconf 85' lang='lat' dir='ltr'>constituant,</span> <span class='ocrx_word' id='word_1_118' title='bbox 670 2997 746 3065; x_wconf 89' lang='lat' dir='ltr'>quo</span> <span class='ocrx_word' id='word_1_119' title='bbox 769 2977 961 3065; x_wconf 86' lang='lat' dir='ltr'>egentibus</span> <span class='ocrx_word' id='word_1_120' title='bbox 983 2978 1173 3048; x_wconf 89' lang='lat' dir='ltr'>confratri·</span> 
     </span>
     <span class='ocr_line' id='line_1_21' title="bbox 171 3100 1173 3189; baseline 0 -20"><span class='ocrx_word' id='word_1_121' title='bbox 171 3102 253 3185; x_wconf 89' lang='lat' dir='ltr'>bus,</span> <span class='ocrx_word' id='word_1_122' title='bbox 281 3101 423 3169; x_wconf 85' lang='lat' dir='ltr'>auxilio</span> <span class='ocrx_word' id='word_1_123' title='bbox 453 3103 671 3189; x_wconf 72' lang='lat' dir='ltr'>opportuno</span> <span class='ocrx_word' id='word_1_124' title='bbox 705 3100 861 3168; x_wconf 88' lang='lat' dir='ltr'>fideliter</span> <span class='ocrx_word' id='word_1_125' title='bbox 889 3120 932 3168; x_wconf 86' lang='lat' dir='ltr'>ac</span> <span class='ocrx_word' id='word_1_126' title='bbox 961 3100 1021 3188; x_wconf 91' lang='lat' dir='ltr'>pie</span> <span class='ocrx_word' id='word_1_127' title='bbox 1051 3101 1173 3189; x_wconf 83' lang='lat' dir='ltr'>provi·</span> 
     </span>
     <span class='ocr_line' id='line_1_22' title="bbox 173 3225 292 3293; baseline -0.017 0"><span class='ocrx_word' id='word_1_128' title='bbox 173 3225 292 3293; x_wconf 85' lang='lat' dir='ltr'>deant.</span> 
     </span>
    </p>
   </div>
   <div class='ocr_carea' id='block_1_5' title="bbox 0 0 1260 4260">
    <p class='ocr_par' dir='ltr' id='par_1_5' title="bbox 0 0 1260 4260">
     <span class='ocr_line' id='line_1_23' title="bbox 0 0 1260 4260; baseline 0 0"><span class='ocrx_word' id='word_1_129' title='bbox 0 0 1260 4260; x_wconf 95' lang='lat' dir='ltr'> </span> 
     </span>
    </p>
   </div>
  </div>
 </body>
</html>
