2512 4260
571 320 762 367 APPENDIX.

642 589 691 656 V.

322 743 474 804 Rssunrs
498 741 759 805 Oaacnnnaarn
781 740 1014 805 Drscasaaa.

222 906 249 966 1.
276 903 535 984 Dispensationes
549 903 585 965 in
599 922 632 965 re
654 903 886 965 Matrimoniali
908 905 1024 984 serapio
1046 923 1173 989 semper

167 1020 326 1098 petantur.
504 1023 506 1027 ‘

222 1155 249 1213 2.
272 1151 412 1231 Supplex
426 1150 563 1226 libellus,
581 1151 637 1231 qui
659 1171 677 1212 a
699 1150 829 1212 Pastore
850 1151 900 1213 sel
921 1151 960 1212 ab
982 1151 1046 1212 alio
1062 1150 1172 1213 Sacer-

167 1268 242 1330 dote
255 1269 309 1348 jus
323 1267 460 1328 habente
473 1270 521 1329 est
530 1265 779 1346 componendus,
791 1265 839 1348 (a)
852 1266 985 1328 nomina
996 1268 1171 1343 oratorum,

168 1385 214 1468 (b)
231 1392 381 1446 naturam
405 1384 636 1465 impedimenti,
654 1384 697 1466 (c)
714 1389 747 1446 et
764 1385 904 1448 rationes
924 1385 1041 1466 quibus
1061 1405 1172 1466 proces

165 1501 317 1562 nitantur
344 1503 488 1562 accurate
517 1499 693 1578 describat3
729 1518 818 1562 secus
851 1500 938 1562 enim
974 1499 1171 1581 dispensatio

167 1613 307 1696 periculo
323 1614 483 1676 nullitatis
498 1614 677 1695 exponitur.

220 1753 249 1812 3.
271 1749 403 1824 Quoties
417 1768 474 1828 pro
490 1748 697 1811 Matrimonio
712 1748 815 1811 mixto
829 1749 953 1829 petitur
967 1749 1166 1831 dispensatio

167 1866 261 1927 debet
283 1864 434 1926 Sacerdos
463 1864 497 1925 in
520 1863 657 1945 supplici
678 1863 786 1925 libello
808 1863 975 1940 declarare,
992 1863 1040 1949 (a)
1057 1871 1173 1927 utrum

166 1986 273 2061 partes
299 1981 338 2042 ab
363 1980 552 2060 hujusmodi
578 1979 787 2042 Matrimonio
812 1981 1005 2058 dissuaserit,
1033 1981 1079 2064 (b)
1106 2002 1171 2063 quo

167 2099 276 2159 animo
292 2098 358 2159 sint
372 2100 491 2160 affectae
513 2098 617 2178 quoad
639 2097 838 2160 conditiones
859 2102 968 2178 postea
989 2098 1170 2175 servandas,

170 2216 215 2297 (c)
233 2220 344 2284 utrum
358 2234 430 2295 pars
446 2216 635 2278 Acatholica
656 2215 817 2295 baptizata
831 2216 928 2279 fuerit
942 2236 1053 2293 necne,
1070 2217 1120 2299 (d)
1139 2222 1175 2279 et

167 2331 247 2411 quid
262 2330 328 2411 ipse
338 2330 488 2392 Sacerdos
503 2331 541 2392 de
552 2330 693 2411 periculo
706 2330 916 2420 perversionis
930 2331 1035 2412 quoad
1045 2336 1173 2412 partem

168 2445 369 2507 catholicam
385 2445 509 2507 sentiat.

221 2610 249 2668 4.
271 2606 354 2668 Item
368 2606 402 2667 in
417 2607 627 2687 petitionibus
641 2626 698 2686 pro
720 2606 956 2686 dispensatione
977 2609 1017 2670 ab
1035 2607 1173 2688 impedi-

168 2728 277 2784 mento
301 2722 589 2803 consanguinitatis
609 2725 657 2785 est
679 2726 785 2802 aperte
809 2721 1035 2784 declarandum
1057 2727 1172 2787 utrum

169 2833 320 2896 Sacerdos
346 2839 452 2914 partes
485 2853 543 2915 pro
568 2834 689 2897 viribus
724 2835 763 2896 ab
798 2834 983 2915 hujusmodi
1017 2835 1173 2918 conjugio

169 2949 328 3011 averterit.

223 3087 250 3145 5.
273 3083 306 3145 Si
321 3083 514 3164 dispensatio
529 3084 646 3148 litteris
659 3104 716 3165 per
737 3104 868 3148 cursum
883 3086 1051 3166 publicum
1064 3089 1171 3151 trans·

169 3198 274 3260 missis
288 3201 426 3278 petatur,
441 3199 578 3280 pecunia
592 3199 626 3260 in
642 3218 716 3262 casu
732 3198 882 3263 solvenda
896 3199 930 3260 in
945 3200 985 3261 iis
999 3200 1040 3262 sit
1054 3200 1173 3277 clausa,

169 3313 362 3375 remittenda
376 3312 505 3394 quidem
528 3313 642 3376 sinon
664 3312 859 3376 concedatur
886 3312 1091 3394 dispensatio.
1138 3314 1173 3377 Si

169 3446 243 3490 sero
266 3427 328 3508 ipsi
351 3431 489 3490 oratores
511 3427 552 3490 ad
578 3427 811 3490 Cancellarium
834 3427 1009 3509 supplicem
1024 3428 1173 3493 libellum

169 3544 330 3619 deferunt,
348 3565 367 3606 a
392 3544 561 3607 Sacerdote
585 3544 624 3606 de
648 3546 785 3626 pecunia
809 3547 849 3608 ab
870 3546 948 3627 ipsis
970 3546 1005 3607 in
1019 3564 1096 3609 casu
1108 3546 1173 3611 sol·

168 3659 547 3739 vendaprsemoneantur.
1058 3630 1063 3639 ¹
