2512 4260
186 306 204 364 2
341 318 472 363 SYNODI
495 312 823 362 OGDENSBURGENSIS
845 313 859 357 I
877 310 1033 358 STATUTA.

564 551 724 621 CAPUT
747 551 796 620 ΙΙ.

470 729 522 777 ΒΕ
545 729 638 777 FIDE
660 725 886 777 OATHOLIGA.

172 922 173 926 ,
225 868 256 928 4.
274 863 397 943 Quum
412 865 434 898 “
445 862 521 929 siue
532 861 604 928 fide
619 860 845 948 impossibile
858 858 905 925 sit
916 858 1059 944 placere
1071 856 1184 923 De0''

183 989 304 1073 (Hebr.
322 989 371 1054 xi.
389 988 434 1074 6),
448 987 651 1053 animarum
673 985 842 1052 Pastores
858 1003 1000 1070 gregem
1024 982 1092 1048 sibi
1108 1003 1183 1050 ore-

184 1109 301 1176 ditum
326 1108 430 1175 Fidei
447 1106 644 1174 Catholicae
668 1106 824 1193 pretium
847 1103 1100 1171 inaestimabile
1119 1103 1184 1169 do·

183 1232 295 1312 ceant,
310 1231 464 1316 ejusque
481 1229 605 1294 sancta
624 1227 798 1314 principia
814 1225 977 1292 omnium
994 1223 1178 1307 cordibus,

182 1355 384 1442 praesertim
395 1353 610 1440 juventutis,
622 1352 739 1439 magis
754 1351 945 1438 magisque
960 1371 1027 1437 pro
1042 1349 1185 1417 viribus

183 1474 403 1562 imprimant.
454 1472 555 1539 Ocno.
572 1471 679 1540 Pleu.
695 1491 733 1539 rt.
750 1475 802 1538 13.

225 1650 255 1714 5.
283 1647 447 1713 Doceant
469 1644 640 1713 Pastores
672 1644 814 1712 deiide
843 1664 921 1711 esse
953 1647 1057 1710 extra
1079 1643 1182 1731 Apo-

184 1767 347 1834 stolioam
365 1765 569 1832 Romanam
585 1765 783 1832 Ecclesiam
802 1742 945 1830 salvum
969 1762 1046 1830 fieri
1070 1765 1180 1830 nemi·

182 1908 265 1954 nem
281 1907 399 1974 posse,
416 1906 551 1973 eosque
574 1890 707 1952 certam
735 1884 803 1952 sibi
829 1885 1097 1952 damnationem
1125 1905 1183 1951 ao-

181 2010 334 2096 quirere,
345 2008 411 2095 qui
425 2007 575 2096 propria
598 2007 709 2095 culpa
724 2010 828 2075 extra
852 2027 932 2075 eam
950 2028 998 2075 ex
1015 2007 1083 2074 hac
1106 2007 1185 2073 vita

180 2135 374 2203 decedunt.
427 2134 530 2202 Oortc.
550 2133 658 2202 Pleu.
678 2154 715 2202 a.
731 2136 761 2200 5.

225 2292 254 2355 6.
281 2287 376 2355 Hinc
392 2286 737 2356 Indifferentismum
764 2289 865 2355 inre
892 2288 1089 2374 Religion,
1115 2307 1182 2356 seu

182 2437 334 2504 pravam
350 2404 680 2503 illam‘opinionem
696 2436 781 2504 quae
797 2419 895 2484 tenet
918 2436 1041 2483 omnes
1068 2415 1183 2482 homi-

181 2559 255 2619 nes,
279 2537 465 2625 quidquid
502 2538 658 2620 credaut,
694 2542 863 2605 aetemam
887 2558 995 2626 posse
1025 2536 1181 2604 salutem

181 2683 400 2750 comparare,
415 2663 524 2730 modo
537 2683 654 2730 mores
669 2663 717 2730 ad
729 2663 817 2731 recti
832 2663 1049 2750 honestique
1060 2683 1183 2732 mores

181 2784 384 2870 exigantur,
400 2783 439 2849 in
455 2783 532 2850 suis
547 2771 736 2871 principiis
751 2784 921 2871 persequi
936 2804 1010 2850 non
1027 2787 1176 2870 cessent,

181 2907 216 2971 et
228 2906 404 2990 tanquam
417 2925 572 2972 errorem
586 2904 882 2972 exitiosissimum
893 2925 915 2971 a
926 2905 1068 2994 populo
1079 2905 1181 2974 fideli

181 3023 384 3111 propellere
399 3028 536 3091 curent.
584 3024 687 3092 cone.
700 3024 809 3093 Plera.
825 3044 863 3093 a.
877 3028 930 3092 28.

127 3169 129 3174 ’
222 3184 253 3246 7.
277 3179 510 3247 Meminerint
531 3180 667 3247 idcirco
690 3180 910 3250 Ocnibssarii
925 3185 961 3249 et
975 3182 1180 3252 animarum

182 3299 377 3368 Curatores
406 3321 493 3369 suos
517 3301 665 3369 edocere
689 3322 800 3389 quam
824 3304 972 3388 malum,
993 3323 1181 3391 quamque

180 3419 429 3507 periculosum
440 3421 493 3491 sit
508 3421 699 3490 conciones
710 3421 972 3491 Haeretieorum
988 3430 1053 3492 aut
1065 3425 1183 3495 Schis-

180 3540 396 3608 maticorum
420 3541 557 3622 audire,
572 3543 631 3610 vel
646 3563 771 3610 eorum
794 3544 974 3612 exercitiis
994 3545 1177 3630 interesse,

180 3679 414 3748 quocumque
429 3662 468 3729 id
482 3663 547 3731 fiat
562 3667 755 3752 praetextu.
