2512 4260
131 331 171 389 14
285 342 414 388 srnonr
436 341 765 387 oennnsnnnonnsrs
786 341 801 386 1
822 341 980 388 smnnrn.

172 515 223 577 49.
249 510 524 577 Sanctissimum
563 510 833 577 Sacramentum
867 510 1127 578 asservandum

129 634 184 696 est
198 630 236 696 in
252 650 327 696 uno
350 634 493 697 tantum
515 630 595 696 loco
611 630 878 717 cujuscumque
900 631 1071 710 ecclesiae,
1092 632 1131 698 in
1200 717 1201 720 Ἴ

129 770 204 838 qna
219 749 392 816 custodiri
409 754 537 836 potest,
552 751 653 832 solet,
667 754 732 817 aut
746 750 862 817 debet.
906 749 1008 818 tono.
1020 751 1129 818 Plan.

35 853 37 860 '
128 892 165 939 n.
181 874 257 937 aec.

171 1064 223 1128 50.
248 1061 547 1141 Tabernaculnm‚
564 1060 602 1126 in
626 1081 701 1147 quo
725 1063 967 1142 conservatur,
987 1060 1035 1128 sit
1049 1081 1129 1147 pre-

128 1184 263 1250 tiosum
290 1183 523 1276 maximeque
555 1186 732 1265 ornatum,
770 1188 836 1250 aut
867 1184 994 1250 saltem
1026 1187 1132 1249 extra

128 1305 355 1384 deauratum,
371 1304 470 1370 intus
487 1324 570 1370 vero
586 1304 711 1390 aliquo
734 1324 856 1390 panno
873 1305 986 1372 serico
1002 1305 1130 1371 decen-

128 1427 182 1490 ter
205 1427 419 1491 contectum.
467 1424 520 1491 Sit
536 1425 703 1504 nitidum,
727 1424 904 1511 nullaque
933 1425 1006 1491 alia
1029 1445 1130 1512 quae·

129 1566 287 1632 cumque
302 1545 340 1611 in
364 1567 406 1613 eo
430 1567 496 1628 ree,
515 1550 650 1633 praeter
673 1547 958 1630 Sanctissimum‚
975 1568 1129 1634 repona-

127 1671 197 1734 tur.
245 1668 297 1734 Sit
312 1671 393 1735 tuto
409 1669 575 1736 clausum
600 1690 678 1736 sera
694 1671 801 1757 cujus
817 1670 928 1736 clavis
945 1689 1087 1756 semper
1109 1691 1133 1737 a

128 1789 319 1856 Sacerdote
362 1790 599 1856 custodiatur.
663 1789 740 1858 Vas
776 1789 907 1857 florum
942 1791 999 1856 vel
1037 1791 1131 1877 quid

69 1947 71 1951 ·
128 1910 245 1977 simile
275 1895 360 1976 ante
389 1910 484 1977 illud
508 1931 581 1976 non
608 1914 776 1997 ponatur,
806 1911 869 1977 sed
894 1931 916 1976 a
942 1911 1129 1978 lateribus.

126 2030 259 2118 Neque
284 2031 469 2117 imagines,
489 2052 608 2119 neque
634 2033 807 2119 reliquias
830 2035 1036 2099 sanctorum
1065 2037 1132 2100 aut

127 2151 218 2239 quid
245 2152 507 2239 aliud‚p1·aeter
529 2152 724 2234 imaginem
748 2152 934 2234 Crucifixi,
954 2152 987 2218 ei
1004 2173 1130 2240 super-

126 2272 312 2360 imponere
328 2274 421 2340 licet.
466 2274 571 2340 Iota.

169 2470 221 2535 51.
246 2468 418 2536 Rubricis
441 2469 601 2536 Ritualis
624 2490 666 2536 ac
690 2469 958 2538 Oaeremonialis
980 2469 1130 2557 Episco-

126 2612 259 2679 porum
286 2591 514 2674 inhaerentes‚
543 2593 713 2658 omnibus
748 2592 1003 2659 Sacerdotibus
1036 2593 1131 2661 serio

126 2712 354 2781 inculcamus
370 2717 412 2781 ut
427 2714 618 2801 particulae
640 2715 797 2781 minores
820 2718 856 2781 et
877 2715 994 2801 major
1008 2714 1132 2782 hostia

126 2834 237 2900 semel
263 2833 302 2899 in
329 2834 561 2901 hebdomada
587 2838 814 2918 renoventur,
836 2839 872 2901 et
895 2838 1031 2901 veteres
1054 2835 1128 2902 dis-

126 2955 337 3022 tribuantur
358 2955 415 3022 vel
438 2959 709 3022 consumantur.
758 2953 860 3021 Ocno.
877 2953 985 3022 Plan.
998 2974 1035 3021 n.
1052 2957 1130 3022 268.

169 3158 222 3223 52.
250 3157 480 3244 Regulariter
509 3160 649 3247 lampas
683 3182 731 3228 ex
762 3162 842 3228 oleo
878 3162 1016 3228 nutrita
1049 3183 1129 3250 per-

127 3281 240 3364 petuo
278 3299 399 3346 coram
447 3280 680 3348 Sanctissimo
728 3282 959 3349 Sacramento
1001 3283 1130 3352 ardere

128 3398 244 3466 debet.
293 3400 401 3480 Quod
426 3401 458 3468 si
482 3401 625 3489 lampas
657 3402 784 3469 haberi
809 3407 977 3490 nequeat,
1001 3404 1129 3472 lumen

129 3517 256 3584 saltem
273 3519 459 3605 quoddam
475 3520 527 3587 ibi
542 3521 600 3588 die
613 3541 655 3589 ao
668 3525 771 3589 nocte
787 3523 973 3589 colluceat.
1023 3523 1128 3592 Ocno.

127 3638 235 3707 Pleu.
251 3660 289 3707 n.
306 3643 380 3708 267.
