2512 4260
477 335 522 380 nn
544 335 719 381 1111118110.
777 402 779 407 Α
819 378 821 382 ,
1081 321 1099 383 7

99 505 149 573 ali
172 505 391 585 numeratos,
412 502 549 569 scilicet
570 502 845 589 baptizatorum,
873 504 1098 571 confirmato-

87 614 193 707 Ι111111,
227 622 552 704 matrimoniorum,
587 622 855 706 defunctorum,
889 623 928 689 in
960 623 1098 710 quibus

100 743 292 827 diligenter
327 742 457 830 lingua
498 742 611 808 latina
647 743 822 810 adnotent
855 763 1099 831 quaecumque

101 863 250 932 Rituale
265 884 333 951 pro
348 863 458 929 variis
472 864 552 930 istis
569 864 713 931 casibus
728 865 939 952 praescribit.

466 1151 627 1221 CAPUT
657 1152 723 1223 IV.

458 1338 510 1386 DE
532 1339 734 1389 BAPTISMO.

143 1482 195 1546 24.
223 1478 403 1559 Quoniam
419 1478 597 1565 Baptismi
614 1479 884 1547 Sacramentum
900 1501 948 1547 ex
964 1480 1098 1547 Christi

101 1604 249 1670 Domini
263 1603 402 1670 verbis:
425 1602 542 1668 “Nisi
558 1603 641 1689 quis
657 1607 805 1670 renatus
820 1603 929 1670 fuerit
944 1626 991 1671 ex
1002 1624 1100 1691 aqua

103 1726 139 1790 et
160 1723 295 1810 Spiritu
319 1723 459 1806 Sancto,
480 1742 552 1787 non
575 1725 696 1808 potest
717 1723 865 1790 introire
886 1724 924 1789 in
947 1744 1099 1809 reguum

101 1843 171 1910 Dei
181 1843 200 1876 '’
217 1842 336 1928 (Joan.
354 1843 402 1909 iii.
422 1844 468 1929 5),
489 1843 636 1910 omnino
657 1842 705 1908 ad
722 1843 876 1935 salutem
900 1852 954 1910 est
981 1865 1099 1912 neces-

100 1964 247 2045 sarium,
266 1967 376 2050 atque
403 1963 567 2059 omnium
597 1964 751 2030 aliorum
785 1963 1098 2032 Sacramentorum

99 2085 213 2151 veluti
224 2085 351 2170 janua,
362 2084 524 2150 maxima
539 2105 627 2151 cura
642 2083 908 2172 providendum
925 2088 968 2152 ut
982 2086 1098 2153 cuivis

99 2210 231 2276 idoneo
248 2209 367 2276 debite
383 2209 664 2276 administretur.
758 2270 766 2286 ,,

109 2391 112 2397 ’
143 2411 195 2475 25.
220 2409 308 2475 Ideo
324 2395 451 2476 curent
468 2408 637 2476 Pastores
660 2413 702 2476 ut
724 2430 849 2476 omnes
872 2410 1007 2492 fideles,
1027 2411 1100 2478 imo

100 2527 292 2594 acatholici
318 2548 411 2614 quos
428 2528 497 2594 hac
518 2528 556 2593 in
579 2548 617 2594 re
641 2528 777 2595 dociles
799 2528 958 2595 invenire
973 2532 1100 2616 potue-

99 2649 180 2729 rint,
191 2647 370 2734 imprimis
384 2669 469 2715 vero
485 2649 692 2716 obstetrices
707 2653 743 2716 et
757 2651 925 2733 nutrices,
936 2653 972 2717 et
986 2671 1100 2738 quan·

100 2771 179 2835 tum
195 2767 273 2834 fieri
288 2768 421 2854 poterit
435 2768 508 2856 ipsi
523 2768 663 2850 medici,
674 2769 764 2835 bene
780 2769 935 2835 calleant
950 2770 1100 2837 modum

100 2884 232 2972 privati
255 2884 492 2972 Baptismatis
523 2885 741 2968 conferendi,
762 2889 806 2952 ut
827 2886 923 2953 illud
946 2887 984 2952 in
1011 2907 1100 2955 casu

100 3002 323 3073 necessitatis
350 3003 603 3072 administrare
631 3004 755 3071 sciant.
804 3003 908 3072 Oonc.
932 3005 1039 3072 Pleu.
1059 3025 1096 3073 n.

100 3122 174 3187 228.

143 3287 196 3351 26.
222 3284 279 3352 De
304 3284 516 3351 necessitate
541 3305 690 3371 quoque
706 3285 887 3372 Baptismi
908 3286 1040 3353 iterum
1057 3309 1099 3355 ac

101 3404 238 3491 saepius
254 3405 418 3491 populus
436 3407 626 3471 moneatur
640 3405 769 3488 fidelis,
786 3409 822 3472 et
836 3408 1101 3493 praemuniatur

101 3529 226 3593 contra
248 3525 343 3592 illud
367 3525 485 3592 scelus
508 3546 583 3612 quo
605 3525 727 3592 infans
742 3546 815 3593 non
839 3527 1045 3614 baptizatus
1060 3530 1098 3596 in

100 3645 204 3715 utero
219 3643 433 3711 interficitur
443 3645 577 3712 matris.
628 3645 731 3712 Oonc.
746 3644 853 3712 Pleu.
869 3666 907 3715 11.
924 3649 998 3714 225.
