2512 4260
133 308 172 366 36
285 318 417 365 SYNODI
439 318 769 366 OGDENSBUBGENSIS
791 321 805 366 1
824 321 981 368 smum.

178 490 251 554 127.
275 486 320 553 In
341 486 456 554 altera
478 486 653 554 schedula
676 487 840 555 similiter
862 490 1037 558 rationem
1059 513 1132 560 om-

133 613 236 681 nium
253 613 500 702 pecuniarum,
513 617 587 680 tam
602 634 727 681 earum
740 635 825 703 quae
840 622 1005 705 receptae,
1016 639 1130 706 quam

133 753 258 801 earum
275 753 360 821 quae
382 753 557 820 expensae
579 734 722 816 fuerint,
743 757 811 803 suo
827 739 976 826 proprio
992 743 1028 807 et
1048 741 1132 809 aedi·

51 928 57 936 ‚
132 858 279 922 tuorum
310 855 519 934 nominibus
556 856 735 923 munitam
766 857 862 925 circa
897 860 1006 927 linem
1045 863 1132 929 anni

131 975 275 1042 mittent
311 975 360 1042 ad
397 975 633 1064 Episcopum,
675 979 711 1044 et
750 977 859 1044 etiam
903 980 1131 1051 exhibebunt

133 1098 286 1186 populo,
307 1118 387 1164 eam
410 1097 653 1185 appendendo
680 1098 729 1164 ad
754 1099 851 1167 fores
874 1103 1045 1185 ecclesiae,
1073 1104 1132 1171 vel

135 1218 236 1306 typis
263 1218 477 1306 impressam
502 1217 753 1286 distribuendo
790 1219 961 1288 fidelibus
992 1221 1128 1289 Divino

131 1338 247 1405 officio
270 1338 521 1426 praesentibus.

174 1548 248 1612 128.
271 1545 469 1612 Monentur
493 1564 642 1633 quoque
667 1545 879 1612 Sacerdotes
903 1565 948 1612 ne
971 1565 1028 1613 res
1050 1567 1132 1633 pro

129 1668 229 1756 prius
245 1668 407 1735 ecclesiae
422 1668 532 1735 rebus
548 1669 814 1751 commisceant,
826 1688 910 1735 cum
925 1669 1034 1736 famae
1049 1687 1130 1738 suae

129 1790 338 1858 discrimine
360 1793 397 1857 et
419 1789 616 1857 offensione
631 1790 805 1873 fidelium,
826 1791 893 1878 qui
908 1790 1016 1858 facile
1039 1792 1132 1859 exis

128 1913 260 1980 timent
275 1912 436 1979 ecclesiae
450 1911 529 1978 fieri
544 1911 727 1998 injuriam.

174 2121 245 2185 129.
282 2117 520 2185 Decernimus
560 2119 602 2183 ut
640 2115 795 2204 quilibet
836 2115 1019 2201 Sacerdos,
1063 2090 1128 2204 qui

128 2258 253 2306 curam
269 2237 429 2324 alicujus
445 2235 736 2323 congregationis
751 2237 810 2302 vel
826 2234 1019 2317 missionis,
1039 2234 1128 2319 sive,

127 2362 171 2427 ut
196 2359 420 2447 quandoque
446 2357 497 2439 fit,
528 2356 695 2444 plurium
725 2356 849 2423 etiam
865 2355 936 2424 sibi
960 2375 982 2422 a
1008 2354 1131 2424 Nobis

128 2481 358 2547 commissam
395 2477 515 2561 habet,
549 2477 650 2544 mille
690 2479 833 2544 scutata
863 2474 1035 2562 (delbora)
1061 2497 1131 2564 per

128 2619 268 2666 annum
302 2598 440 2666 ratione
464 2597 589 2666 salarii
618 2596 783 2684 accipiat,
816 2596 1017 2682 AdJutores
1041 2615 1129 2665 vero

129 2740 195 2787 seu
211 2719 427 2787 assistentes
442 2722 611 2786 trecenta.

171 2925 245 2988 130.
273 2920 443 2988 Districte
466 2923 589 2987 autem
612 2917 861 3006 prohibemus,
882 2920 918 2984 et
933 2915 1002 2985 cub
1011 2935 1129 3000 poma

126 3041 277 3128 quidem
299 3040 562 3124 suspensionis
585 3039 669 3122 ipro
680 3037 792 3120 facto
815 3033 1063 3119 incurrendo,
1082 3054 1129 3102 ne

126 3164 228 3231 ullus
252 3161 399 3230 Nostrae
421 3161 629 3230 Dioeceseos
657 3159 833 3227 Sacerdos
860 3158 1031 3226 collectas
1057 3176 1127 3243 pro

126 3286 247 3373 seipso
263 3286 338 3354 sive
360 3286 399 3352 in
415 3285 576 3369 ecclesia,
597 3284 674 3353 sive
690 3283 786 3355 inter
800 3282 985 3370 populum
1001 3279 1124 3364 faciat,

125 3413 334 3496 praetereas
349 3427 433 3495 quae
448 3427 620 3495 expresse
642 3424 712 3494 pro
732 3408 896 3492 tempore
908 3402 1122 3475 tolerantur.

126 3529 235 3610 Quod
247 3530 278 3597 si
288 3529 596 3599 reditusecclesiae
606 3526 780 3594 salarium
789 3525 970 3612 integrum
981 3520 1127 3591 Pastori

124 3652 288 3741 praebere
310 3655 503 3740 nequeant,
522 3649 767 3739 permittimus
790 3647 885 3714 utin
900 3646 947 3713 iis
962 3643 1125 3715 ecclesiis
