2512 4260
324 353 368 397 DE
390 352 629 399 SAORAMENTIS
650 354 692 400 IN
713 353 859 400 dannan.
1070 341 1091 406 ὅ

137 524 186 587 15.
208 521 365 588 Oaveant
378 521 588 588 Sacerdotes
604 543 648 588 ne
661 524 848 590 occasione
867 527 1089 595 Sacramenti

89 642 368 709 administrandi
384 642 526 729 aliquid
538 663 561 709 a
572 642 742 711 fidelibus
758 646 907 733 exigant
918 651 984 715 aut
995 651 1088 737 quid

88 783 131 828 ea
147 763 192 829 de
208 784 245 829 re
266 763 507 850 paciscantur.
555 762 734 831 Oaeterum
751 766 854 832 nullo
871 771 979 854 pacto
995 769 1087 836 inhi-

87 885 218 951 bemus
243 885 333 972 quin
360 888 545 972 acceptent
571 906 722 973 eaquae
749 887 874 956 fideles
901 890 1087 958 occasione

88 1005 313 1095 Matrimonii
336 1006 504 1072 celebrati
527 1007 583 1073 vel
611 1007 789 1094 Baptismi
811 1009 934 1076 collati
958 1018 1087 1098 sponte

89 1129 202 1215 Juxta
217 1127 441 1194 laudabilem
457 1129 756 1196 consuetudinem
773 1129 931 1197 offerunt
956 1131 994 1198 in
1022 1133 1085 1199 mi-

84 1248 283 1315 nistrorum
295 1268 479 1315 sacrorum
495 1251 803 1316 sustentationem.
852 1251 955 1319 Ooac.
972 1252 1080 1321 Plea.

85 1388 122 1434 a.
143 1371 216 1433 221.

131 1590 180 1652 16.
205 1586 328 1666 Quum
354 1587 476 1654 omnia
506 1588 707 1654 secundum
733 1588 895 1655 ordinem
923 1591 1000 1656 fieri
1025 1591 1083 1658 de-

87 1708 205 1791 beant,
225 1709 351 1777 nullus
376 1709 558 1788 Sacerdos,
579 1710 650 1775 nisi
672 1711 792 1795 gravis
816 1717 943 1798 urgeat
965 1734 1083 1780 neces-

86 1832 185 1912 sitas,
216 1834 319 1898 extra
357 1831 492 1898 limites
534 1831 592 1898 sui
631 1831 817 1899 districtus
856 1833 1083 1901 Sacramenta

82 1953 336 2019 administrare
362 1956 571 2040 praesumat,
591 1953 730 2039 absque
756 1954 897 2040 proprii
921 1954 1082 2023 Pastoris

82 2053 150 2141 aut
165 2073 301 2141 Nostra
317 2075 465 2162 speciali
481 2074 636 2140 licentia.

126 2312 176 2373 17.
211 2306 452 2373 Prohibemus
482 2308 590 2375 etiam
620 2309 689 2375 sub
719 2328 831 2395 poena
853 2309 1081 2391 incurrendae

80 2427 327 2515 suspensionis
343 2447 387 2494 ne
405 2427 504 2493 ullus
520 2426 650 2494 Pastor
670 2428 797 2495 fideles
813 2448 859 2494 ex
876 2429 994 2495 alieno
1008 2429 1079 2495 dis-

80 2550 189 2616 trictu
205 2548 438 2614 advenientes
453 2549 594 2635 absque
618 2549 757 2635 proprii
778 2570 903 2615 eorum
919 2549 1080 2617 Pastoris

79 2670 227 2737 lieentia
259 2668 491 2744 Matrimonio
519 2670 726 2755 conjungat,
757 2674 822 2736 aut
847 2669 1004 2736 infantes
1031 2693 1078 2737 ex

79 2792 229 2858 alterius
256 2790 417 2857 Pastoris
456 2791 624 2857 districtu
652 2790 784 2857 allatos
811 2791 977 2878 baptizet,
1009 2793 1078 2859 nisi

80 2913 251 3000 proprius
276 2911 406 2978 Pastor
430 2911 572 2978 diutius
597 2910 794 2978 abluturus
822 2913 877 2994 sit,
901 2917 936 2979 et
958 2915 1078 3000 gravis

79 3034 154 3101 sive
178 3033 358 3120 Baptismi
392 3034 466 3099 sive
501 3032 727 3120 Nuptiarum
762 3032 928 3100 dilationi
960 3035 1077 3101 obstet

77 3155 181 3222 ratio.
227 3154 367 3221 idcirco
385 3153 430 3220 de
446 3174 513 3220 suo
530 3153 713 3220 domicilio
729 3154 974 3242 interrogandi
991 3159 1077 3222 sunt

76 3276 143 3364 qui
172 3275 387 3342 alterutrum
426 3275 558 3340 horum
589 3274 900 3341 Sacramentorum
932 3279 1071 3362 petunt,

77 3396 148 3464 nisi
164 3397 209 3464 de
233 3418 274 3464 eo
298 3396 446 3462 aliunde
473 3394 670 3461 clarissime
697 3397 845 3475 constet,
867 3400 902 3461 et
929 3396 1074 3462 domici·

74 3520 166 3586 lium
182 3523 237 3586 est
254 3519 291 3584 in
308 3518 474 3605 Regestis
490 3516 700 3583 notandum.
749 3516 825 3600 tyr.
844 3517 946 3584 Ocno.
964 3517 1072 3586 Pleu.

74 3663 112 3709 a.
130 3646 203 3706 117.
