2512 4260
203 354 259 416 viii
594 366 804 411 Paconmcrr.

260 535 322 602 Ad
356 535 465 602 finem
494 533 671 622 perducta
704 532 970 616 deliberatione,
1009 533 1202 620 synodum

203 656 334 723 iterum
360 655 545 742 ingressus
574 657 629 720 est
658 653 752 719 Illm¹¹⁵
773 654 981 741 Episcopus
1010 657 1047 720 et
1073 673 1201 722 omnes

204 775 370 842 invitavit
390 774 438 841 ad
464 774 657 862 specialem
680 777 897 841 conventum
924 774 1014 841 hora
1044 774 1201 862 septima

205 916 287 962 cum
305 894 457 961 dimidia
471 894 676 982 vespertina
690 892 739 960 ad
751 892 921 980 quaedam
937 892 1201 960 consideranda

205 1018 359 1105 negotia,
388 1036 482 1104 quae,
502 1017 568 1084 etsi
583 1037 656 1083 non
685 1015 734 1082 ad
765 1015 954 1102 Synodum
985 1016 1196 1103 spectantia,

206 1160 280 1207 non
296 1139 399 1227 parvi
415 1142 535 1206 tamen
561 1143 662 1206 erant
685 1139 867 1222 momenti,
888 1138 927 1205 id
950 1139 1052 1225 quod
1073 1158 1201 1226 reapse

205 1265 368 1350 tempore
384 1261 522 1328 factum
538 1266 592 1329 est
606 1261 776 1328 indicato.
910 1291 914 1296 Α

264 1384 445 1453 Postridie
468 1405 582 1468 mane,
603 1385 661 1453 die
677 1390 733 1452 14⁸
749 1387 852 1469 Julii,
872 1387 1039 1454 ultimam
1064 1387 1205 1474 Synodi

208 1507 403 1574 sessionem
429 1506 613 1574 inchoavit
638 1507 732 1573 Ill¹²¹¹¹¹
747 1509 964 1596 Episcopus,
985 1508 1201 1576 celebrando

209 1626 357 1693 Sacrum
384 1627 554 1694 omnibus
580 1629 830 1714 praesentibus,
851 1633 887 1696 et
909 1650 996 1696 mox
1020 1629 1105 1696 laeto
1131 1650 1203 1696 ser-

107 1750 111 1757 ’
208 1766 314 1814 mone
337 1746 480 1814 Olerum
498 1769 606 1815 suum
633 1748 678 1816 de
703 1749 800 1816 felici
821 1750 960 1836 Synodi
979 1751 1083 1817 exitu
1107 1771 1203 1816 sum-

207 1886 354 1953 mopere
375 1869 590 1955 gratulatus,
619 1867 816 1935 declaravit
837 1889 932 1936 nova
956 1869 1108 1952 Statuta,
1136 1872 1204 1936 etsi

207 2010 256 2057 ex
271 2011 369 2057 nuno
395 1993 637 2080 promulgata,
664 1993 739 2058 vim
760 1995 881 2059 tamen
911 2013 985 2060 non
1016 1994 1198 2077 habitura,

209 2107 426 2194 priusquam
441 2110 542 2197 typis
565 2108 736 2175 mandata
761 2110 799 2175 in
815 2110 978 2176 omnium
1002 2131 1135 2177 manus
1151 2132 1206 2176 ve-

209 2229 336 2296 nerint.
381 2229 586 2298 Admonuit
605 2235 753 2319 paterne
777 2252 904 2300 omnes
927 2238 970 2300 ut
994 2231 1032 2298 in
1059 2232 1204 2319 praxim

210 2349 393 2417 deducant
407 2349 561 2418 fideliter
580 2351 694 2438 Leges
717 2352 952 2420 Dioeoesanas
974 2353 1086 2440 juxta
1101 2352 1204 2438 spiri-

209 2472 288 2536 tum
301 2471 337 2536 et
348 2468 514 2552 litteram,
525 2475 569 2551 et,
579 2473 730 2538 cunctos
742 2471 955 2538 exhortatus
970 2475 1011 2537 ut
1022 2490 1106 2556 erga
1119 2470 1207 2535 invi.

212 2610 289 2656 cem
316 2611 457 2678 semper
482 2591 628 2659 foveant
643 2593 853 2659 charitatem
869 2592 1074 2673 fraternam,
1089 2590 1204 2656 nomi-

211 2709 321 2777 nibus
362 2711 524 2777 omnium
558 2711 695 2778 vocatis
728 2731 751 2777 a
773 2711 860 2778 Rev.
890 2709 1095 2792 Secretario,
1124 2729 1207 2775 cum

210 2829 459 2898 benedictione
475 2829 676 2918 episcopali
688 2829 853 2915 singulos
868 2828 917 2895 ad
933 2848 1001 2895 sua
1017 2847 1100 2894 cum
1116 2848 1206 2912 pace

211 2951 357 3018 dimisit.
460 2985 464 2992 ·
