2512 4260
207 348 252 392 nn
277 345 501 392 snucrrssruo
524 344 751 391 srcunnnuro
773 343 1024 390 nucnnarsrrm.
1083 328 1121 386 11

502 609 664 679 CAPUT
687 610 752 680 VI.

171 788 224 836 nn
246 786 495 835 sancurssuuo
520 785 775 834 sncnnunuro
799 784 1080 834 nuonnnrsnrm.

172 930 213 994 39
257 925 476 993 “Omnibus
524 925 674 1012 quidem
719 925 890 992 Ecclesiae
927 925 1125 992 Catholicae

129 1048 367 1116 Sacramentis
383 1047 550 1134 religiose
566 1051 762 1135 sancteque
780 1048 978 1114 tractandis
993 1068 1126 1135 magna

127 1191 170 1238 ac
185 1170 342 1256 diligens
365 1189 453 1235 cura
475 1168 683 1235 adhibenda
698 1161 774 1252 est}
800 1169 863 1236 sed
879 1170 1064 1256 praecipue
1087 1170 1126 1236 in

127 1289 415 1358 administrando
431 1309 473 1356 ac
489 1290 722 1377 suscipiendo
739 1289 972 1357 Sanctissimo
988 1290 1127 1356 Eucha-

128 1415 240 1482 ristiae
265 1413 505 1495 Sacramento,
525 1432 600 1499 quo
624 1413 716 1478 nihil
739 1413 896 1500 dignius
916 1412 1009 1477 nihil
1025 1433 1126 1479 sanc-

129 1536 204 1601 tius
219 1536 255 1600 et
274 1531 527 1598 admirabilius
549 1532 659 1598 habet
678 1531 839 1598 Ecclesia
855 1531 943 1597 Dei:
981 1551 1063 1598 cum
1087 1531 1126 1597 in

129 1675 172 1722 eo
207 1655 432 1721 contineatur
468 1653 695 1739 praecipuum
738 1657 773 1719 et
809 1655 1011 1721 maximum
1057 1654 1125 1721 Dei

130 1775 276 1857 donum,
290 1777 326 1840 et
340 1772 493 1860 ipsemet
509 1772 625 1838 omnis
640 1773 766 1858 gratiae
782 1777 818 1838 et
833 1774 1032 1842 sanctitatis
1044 1775 1127 1842 fons

127 1903 325 1987 auctorque
341 1899 365 1966 J
367 1918 451 1965 esus
467 1897 667 1965 Christus.’'
716 1897 795 2000 Bit.
808 1897 912 1964 Rom.

169 2083 222 2145 40.
247 2078 456 2145 Sacerdotes
471 2078 582 2164 igitur
602 2097 743 2144 omnem
768 2078 1049 2146 sollicitudinem
1064 2101 1126 2166 po·

126 2208 217 2272 nant
231 2203 269 2270 in
285 2202 520 2270 observandis
536 2202 580 2269 iis
597 2201 775 2283 omnibus,
789 2221 874 2289 quae
888 2205 968 2269 tum
984 2202 1022 2268 in
1038 2202 1124 2270 Mis-

127 2323 205 2405 sali‚
235 2321 378 2389 lumin
405 2321 546 2388 Rituali
578 2321 623 2387 de
653 2320 722 2388 hoc
754 2322 982 2389 Sacramento
1012 2327 1123 2410 atque

125 2439 251 2508 altaris
275 2439 457 2506 Sacrificio
481 2439 547 2505 rite
573 2438 735 2521 colendo,
756 2440 995 2508 custodiendo
1011 2448 1046 2508 et
1061 2443 1123 2509 ad-

126 2557 367 2626 ministrando
412 2558 620 2644 peragenda
663 2559 958 2645 praescribuntur‚
996 2562 1046 2628 ita
1083 2567 1126 2631 ut

125 2681 252 2749 fideles
281 2679 376 2747 illud
411 2684 532 2747 sancte
556 2681 757 2768 suscipiant
782 2682 964 2770 digneque
990 2686 1121 2754 colant.

132 2801 234 2870 Oooc.
245 2800 353 2868 Pleu.
365 2821 402 2868 o.
419 2803 493 2868 265.

170 2968 223 3030 41.
245 2962 414 3051 Tempus
435 2983 510 3050 quo
525 2969 749 3052 praeceptum
768 2987 901 3036 annuae
917 2969 1125 3039 Communi-

127 3087 207 3154 onis
233 3085 377 3172 impleri
401 3086 529 3172 possit,
557 3107 579 3152 a
603 3089 722 3174 prima
744 3089 937 3158 Dominica
961 3093 1124 3173 Quadra-

125 3206 273 3295 gesimae
288 3205 336 3272 ad
351 3205 579 3272 Dominicam
597 3207 656 3274 SS.
670 3209 854 3278 Trinitatis
868 3213 1044 3283 inclusive
1060 3239 1128 3304 pro

127 3325 351 3394 nostratibus
366 3329 603 3413 prorogatun
628 3328 691 3394 sed
707 3349 831 3398 omnes
847 3333 972 3401 fideles
987 3336 1035 3402 ad
1059 3337 1124 3405 fre-

127 3449 298 3535 quentem
314 3444 616 3523 Communionem
643 3451 679 3514 et
706 3449 926 3519 sacramenti
952 3455 1125 3525 visitatio-

126 3587 210 3634 nem
226 3548 336 3632 uerbo
351 3568 387 3632 et
398 3567 729 3656 exemplolinvitari
745 3593 818 3640 non
835 3582 982 3645 cessent.
1022 3579 1125 3648 Oooc.

128 3686 234 3756 Pleu.
248 3705 313 3753 aa.
329 3687 403 3769 257,
422 3688 496 3756 259.
