2512 4260
167 315 208 374 40
323 328 455 376 omont
474 328 801 374 OGDENSBURGENSIS
823 330 1012 376 ISTATUTA.

169 497 418 565 obmutescere
432 495 568 563 faciant
578 497 849 584 impudentium
865 499 1055 568 hominum
1071 501 1173 589 igno·

168 618 334 701 rantiam,
369 620 406 684 et
434 616 648 684 obstruatur
685 637 726 685 01
762 618 994 706 loquentium
1029 621 1171 709 iniqua.

173 734 278 806 00110.
293 738 400 806 Pleu.
416 756 481 805 aa.
498 741 572 820 147,
592 741 666 804 169.

213 927 286 990 139.
314 923 439 1003 Quum
462 923 611 991 clericos
627 943 650 990 a
665 925 803 992 caeteris
826 945 901 992 uon
924 926 1046 993 solum
1070 930 1169 995 statu

169 1050 206 1114 01
228 1046 444 1128 conditione,
462 1047 526 1114 sed
549 1046 656 1114 etiam
674 1050 772 1115 veste
787 1047 966 1135 distingui
989 1055 1165 1137 oporteat,

168 1167 214 1235 iis
229 1167 457 1234 vehementer
480 1167 778 1236 commendamus
801 1171 844 1236 ut
858 1172 994 1236 vestem
1016 1170 1169 1237 talarem

170 1290 385 1372 constanter,
415 1291 597 1375 quatenus
619 1287 698 1354 fieri
722 1288 849 1376 possit,
876 1293 1012 1376 gerant.
1051 1289 1170 1370 'Quod

170 1413 201 1481 si
227 1433 306 1479 eam
336 1413 487 1481 induere
517 1413 719 1501 peculiaria
745 1434 867 1481 rerum
894 1415 1071 1502 adJ'uncta
1096 1436 1170 1483 non

171 1531 299 1616 sinant,
324 1532 415 1620 ipsis
440 1526 593 1599 omnino
612 1532 850 1619 injungimus,
876 1531 922 1601 iis
946 1535 1088 1601 tautum
1114 1534 1171 1601 uti

169 1652 333 1719 vestibus
348 1671 433 1739 quae
456 1672 524 1720 suo
548 1654 751 1738 congruant
766 1652 895 1736 ordini,
916 1651 1063 1737 10111001,
1083 1673 1171 1740 quae

168 1771 263 1859 nigri
285 1772 359 1839 sint
373 1773 513 1854 coloris,
533 1774 569 1839 01
583 1771 684 1838 omni
700 1777 829 1838 ornatu
846 1774 1000 1856 careant,
1022 1772 1171 1860 sintque

168 1896 215 1961 ab
231 1895 331 1961 omni
345 1895 503 1961 vanitate
519 1914 672 1981 prorsus
688 1893 826 1960 alienae.
860 1893 965 1961 Ooao.
982 1892 1170 1962 Pleroma

170 2018 244 2098 148,
265 2019 338 2082 149.

213 2158 286 2221 140.
314 2154 429 2221 Ludis
447 2154 609 2236 scenicis,
633 2154 863 2240 spectaculis,
885 2153 1024 2221 choreis
1046 2175 1092 2221 ne
1114 2154 1169 2220 in·

170 2272 305 2340 tersint.
341 2272 484 2338 Illicitis
496 2271 761 2351 venationibus,
772 2272 807 2338 et
818 2270 917 2338 ludis
929 2271 1037 2338 etiam
1048 2271 1172 2356 licitis,

169 2390 237 2480 qui
252 2391 423 2459 scandalo
439 2412 517 2459 esse
534 2391 685 2479 possint,
702 2391 916 2458 abstineant.
948 2390 1170 2458 Medicinam

171 2516 207 2580 et
239 2513 457 2600 chirurgiam
496 2533 561 2580 nec
598 2512 692 2580 lucri
729 2511 856 2599 gratia,
886 2531 952 2578 nec
983 2510 1171 2580 charitatis

171 2633 290 2720 specie
327 2636 526 2700 exerceant.
595 2635 710 2699 Arma
752 2651 825 2698 non
865 2630 993 2698 ferant.
1058 2629 1166 2700 00110.

172 2755 356 2823 Pleuron.
374 2757 447 2839 153,
468 2756 540 2821 154.

214 2944 289 3008 141.
316 2940 526 3007 Tribunalia
543 2941 703 3028 profana,
723 2939 860 3026 negotii
875 2941 940 3005 aut
954 2938 1029 3006 litis
1045 2957 1168 3020 causa,

171 3063 304 3128 temere
319 3081 364 3127 ne
379 3061 521 3127 adeant.
567 3059 641 3128 Ubi
660 3079 744 3127 cum
767 3058 913 3125 homine
929 3057 1038 3125 etiam
1054 3077 1167 3126 11101-

171 3180 240 3246 1111
255 3183 290 3247 01
305 3179 475 3246 derebus
490 3179 751 3266 temporalibus
767 3177 962 3245 difficultas
977 3177 1102 3260 oritur,
1123 3198 1171 3244 ne

173 3320 396 3388 quemquam
421 3300 459 3366 in
482 3301 547 3386 jus
570 3303 708 3381 vocent,
737 3302 802 3366 aut
828 3298 948 3365 vocati
974 3301 1103 3386 sponte
1130 3319 1169 3366 se

175 3421 312 3504 sistant,
332 3419 404 3486 nisi
418 3439 476 3486 res
490 3420 596 3486 aliter
610 3418 780 3506 componi
799 3420 967 3504 nequeat.
1012 3416 1121 3497 Quod
1137 3416 1169 3485 si

172 3541 413 3611 ecclesiastica
426 3542 485 3608 vol
500 3540 668 3627 religiosa
679 3540 871 3627 utriusque
884 3558 995 3606 sexus
1010 3556 1169 3627 persona

175 3666 285 3732 aliam
322 3684 515 3760 personam
552 3663 829 3730 ecclesiasticam
864 3663 924 3729 vol
959 3661 1168 3749 religiosam
