2512 4260
166 303 206 364 18
321 318 452 364 SYNODI
474 319 801 367 OGDENSBURGENSIS
822 322 836 366 I
858 322 1016 368 STATUTA.

165 485 357 569 industria,
386 490 432 587 ut
451 488 663 555 accedentes
686 489 842 576 benigne
867 491 989 578 recipi,
1016 495 1166 578 paterne

167 607 288 674 audiri
303 612 339 675 et
361 608 563 694 plurimum
583 611 705 697 Juvari
727 612 880 679 valeant.
934 611 1162 681 OoocPlerr.

167 752 233 800 rm.
250 736 324 815 292,
338 737 413 800 442.

212 937 263 1001 65.
287 934 446 1015 Quidam
461 956 568 1003 casus
583 935 754 1003 reservati
770 940 865 1017 sunt,
876 957 898 1002 a
909 938 1044 1024 quibus
1060 958 1167 1004 nemo

168 1056 243 1123 sive
265 1056 451 1142 regularis,
473 1056 547 1123 sive
571 1057 765 1140 saecularis,
786 1057 862 1124 sine
879 1058 1028 1145 speciali
1050 1062 1086 1124 et
1108 1079 1168 1124 ex·

167 1196 292 1264 pressa
314 1196 336 1241 a
350 1176 467 1243 Nobis
483 1197 652 1244 concessa
666 1177 840 1244 facultate
854 1177 950 1244 valet
964 1178 1162 1244 absolvere.

167 1304 397 1372 Meminerint
411 1325 497 1391 ergo
513 1303 737 1387 Confessarii
752 1325 789 1372 se
813 1325 887 1372 non
902 1305 1036 1372 habere
1052 1305 1165 1371 facul-

166 1428 276 1492 tatem
291 1424 523 1492 absolvendi:

210 1597 251 1661 10.
275 1595 334 1660 Ab
349 1594 489 1678 haeresi,
501 1600 537 1661 et
551 1595 737 1682 apostasia
752 1615 774 1661 a
789 1595 871 1679 fide,
886 1599 922 1662 et
936 1615 958 1662 a
974 1595 1167 1664 schismate

167 1718 309 1803 eosqui
325 1717 361 1782 in
378 1716 469 1799 loce,
488 1716 552 1783 ubi
577 1717 748 1783 Sanctum
773 1717 940 1784 Officium
963 1724 1163 1802 exercetur,

167 1836 396 1923 deliquerint.
782 1917 787 1926 ι

208 1960 250 2023 20.
274 1956 477 2044 Compliees
500 1956 569 2023 sibi
596 1957 634 2023 in
657 1956 818 2042 quolibet
839 1958 991 2041 peccato
1013 1957 1168 2025 mortal‘

166 2080 316 2145 externo
333 2080 457 2143 contra
472 2077 682 2144 castitatem.

209 2199 250 2264 3⁰.
276 2197 515 2280 Sacerdotem,
536 2197 601 2284 qui
631 2197 845 2283 complicem
873 2198 943 2265 sibi
968 2199 1008 2265 in
1036 2199 1167 2287 hujus·

165 2317 267 2384 modi
281 2318 429 2404 peccato
445 2316 648 2383 absolverit.

209 2437 250 2503 4⁰.
275 2435 502 2502 Sacerdotem
520 2455 673 2518 omnem,
688 2436 754 2523 qui
769 2436 807 2502 in
823 2437 1087 2520 confessionali,
1102 2441 1169 2504 aut

167 2559 364 2642 occasione,
392 2557 450 2623 vel
471 2561 655 2644 praetextu
686 2558 921 2626 confessionis
944 2557 992 2624 ad
1016 2578 1168 2646 peccan-

166 2679 256 2745 dum
273 2680 397 2744 contra
412 2677 611 2744 castitatem
628 2677 884 2744 sollicitaverit.

210 2800 251 2865 5⁰.
275 2796 471 2864 Personam
489 2797 539 2864 sic
563 2796 803 2880 sollicitatam,
823 2797 893 2864 nisi
914 2797 1019 2885 prius
1035 2797 1166 2865 sollici·

167 2922 304 2988 tantem
320 2916 511 2984 Ordinario
527 2917 803 2983 denuntiaverit.

211 3043 252 3108 6⁰.
276 3039 473 3107 Personam
489 3039 757 3125 cujuscumque
773 3059 895 3121 sexus,
906 3058 991 3125 quae
1006 3041 1172 3108 sacerdo·

166 3165 240 3230 tem
256 3160 347 3226 falso
364 3158 409 3225 de
425 3157 680 3224 sollicitatione
696 3158 973 3226 denuntiaverit.

210 3284 252 3350 70.
276 3280 516 3363 Catholicum,
536 3279 601 3366 qui
624 3277 760 3348 n'ovum
783 3280 1065 3363 matrimonium,
1084 3302 1170 3349 con·

164 3407 255 3495 juge
272 3403 474 3491 superstite,
495 3403 706 3471 contrahere
720 3403 957 3488 attentaverit,
976 3409 1013 3473 et
1027 3405 1115 3472 inde
1129 3405 1170 3472 in

167 3523 578 3594 excommunicationem
594 3521 770 3591 inciderit

210 3649 252 3714 80.
268 3646 485 3730 catholicos,
498 3647 563 3734 qui
578 3651 665 3735 post
680 3646 835 3735 primam
852 3647 1041 3735 Synodum
1054 3647 1170 3715 Alba-
