2512 4260
263 325 307 370 nn
329 324 586 370 BENEDIOTIONE
608 325 922 385 slucr1ss1n1,mo.
1059 315 1096 374 15

458 635 619 703 CAPUT
648 635 731 704 VII.

97 814 151 862 Da
181 810 471 860 BENEDICTIONE
506 810 747 859 SANCTISSIMI
774 812 1025 860 sAoRAMENTI
1049 812 1097 860 ET

127 971 130 978 ¹
178 918 229 965 DE
245 915 524 975 QUADRAGINTA
539 915 731 964 HORARUM
748 917 1014 967 EXPOSITIONE.

141 1059 195 1125 53.
220 1055 393 1123 Fideliter
408 1055 540 1142 exequi
556 1055 727 1142 cupimus
742 1055 914 1124 Ecclesia
938 1061 1092 1124 mentem

96 1201 173 1269 qua
194 1179 462 1246 Sanctissimam
476 1178 743 1246 Eucharistiam
757 1201 829 1247 non
846 1181 964 1248 solum
980 1182 1093 1247 taber-

95 1303 228 1370 naculo
254 1302 431 1368 inclusam
456 1301 518 1388 pio
550 1303 653 1368 cultu
680 1304 862 1389 prosequi,
891 1304 954 1370 sed
986 1303 1092 1370 etiam

95 1421 257 1509 publicae
270 1420 437 1487 fidelium
457 1421 679 1487 venerationi
695 1443 833 1509 pompa
849 1423 1007 1509 quadam
1031 1444 1091 1490 ex·

95 1560 229 1628 ponere
245 1541 441 1607 consuevit.
488 1542 577 1628 Syn.
595 1541 676 1608 Alb.
691 1543 747 1608 II.

140 1730 191 1796 54.
215 1729 392 1796 Solemnis
422 1734 542 1796 autem
574 1730 797 1796 Sanctissimi
835 1731 1027 1817 Expositio
1058 1735 1093 1798 et

95 1850 303 1918 Benedictio
330 1847 491 1917 non'fiat
514 1852 552 1917 in
579 1851 739 1918 ecclesiis
766 1850 824 1916 vel
849 1851 1012 1918 oratoriis
1028 1856 1093 1919 aut

94 1973 202 2040 etiam
218 1974 256 2039 in
270 1973 411 2040 sacellis
427 1974 726 2040 monasteriorum
740 1979 774 2039 et
790 1973 1091 2040 communitatum

94 2095 355 2181 religiosarum,
376 2093 447 2160 nisi
469 2115 515 2159 ex
540 2113 651 2159 causa
674 2092 824 2180 publica
839 2112 923 2178 quae
939 2093 1092 2177 probata

95 2216 142 2283 sit
157 2216 203 2280 ab
221 2213 424 2280 Ordinario.
472 2213 515 2279 ln
533 2214 600 2279 hac
624 2213 852 2300 expositione
879 2213 999 2279 stricte
1023 2233 1091 2278 ser-

93 2335 325 2402 vandasunt
350 2335 470 2400 omnia
494 2354 579 2421 quae
603 2336 641 2400 in
657 2333 907 2401 Caeremoniali
929 2332 1090 2419 praescri-

92 2456 241 2522 buntur.
284 2453 389 2520 Ibid.

135 2656 188 2720 55.
213 2653 376 2719 Maxime
390 2654 429 2719 in
444 2654 538 2720 votis
565 2654 741 2720 habemus
769 2656 812 2719 ut
839 2653 1009 2720 solemnis
1033 2653 1090 2719 de·

92 2776 191 2843 votio
207 2775 389 2843 Orationis
405 2776 657 2859 Quadraginta
673 2775 855 2842 Horarum
872 2776 910 2841 in
926 2776 995 2841 hac
1010 2796 1091 2842 nos-

92 2905 149 2968 tra
172 2900 329 2967 Dioecesi
345 2901 460 2987 magis
487 2901 677 2988 magisque
692 2900 731 2966 in
747 2901 824 2967 dies
849 2900 1087 2982 diffundatur,

92 3028 128 3088 et
144 3022 282 3108 ubique
298 3022 444 3088 tandem
468 3022 635 3089 foveatur
650 3027 685 3088 et
701 3023 828 3109 vigeat.

135 3227 187 3292 56.
211 3225 370 3292 Indulsit
406 3227 560 3312 benigne
592 3227 763 3292 Summus
789 3225 962 3291 Pontifex
987 3226 1092 3291 utin

91 3347 298 3434 peragendo
313 3347 375 3434 pio
398 3348 467 3414 hoc
490 3347 670 3429 exerciti0,
690 3347 807 3412 forma
822 3347 947 3412 eadem
972 3347 1092 3412 obser-

90 3472 197 3535 vetur
222 3488 298 3555 qua
323 3469 490 3536 dioecesis
516 3467 793 3535 Baltimorensis
805 3487 852 3533 ex
869 3466 1092 3554 Apostolicae

91 3574 197 3657 Sedis
213 3591 441 3658 concessione
457 3591 582 3658 utitur.
