<?xml version="1.0" encoding="UTF-8"?>
<!DOCTYPE html PUBLIC "-//W3C//DTD XHTML 1.0 Transitional//EN"
    "http://www.w3.org/TR/xhtml1/DTD/xhtml1-transitional.dtd">
<html xmlns="http://www.w3.org/1999/xhtml" xml:lang="en" lang="en">
 <head>
  <title>
</title>
<meta http-equiv="Content-Type" content="text/html;charset=utf-8" />
  <meta name='ocr-system' content='tesseract 3.04.00' />
  <meta name='ocr-capabilities' content='ocr_page ocr_carea ocr_par ocr_line ocrx_word'/>
</head>
<body>
  <div class='ocr_page' id='page_1' title='image "./statutadioecese00diocgoog_0056.png"; bbox 0 0 2512 4260; ppageno 0'>
   <div class='ocr_carea' id='block_1_1' title="bbox 354 335 1085 395">
    <p class='ocr_par' dir='ltr' id='par_1_1' title="bbox 354 335 1085 395">
     <span class='ocr_line' id='line_1_1' title="bbox 354 335 1085 395; baseline 0.003 -2"><span class='ocrx_word' id='word_1_1' title='bbox 354 348 399 393; x_wconf 80' lang='lat' dir='ltr'><strong>nr</strong></span> <span class='ocrx_word' id='word_1_2' title='bbox 419 348 522 395; x_wconf 77' lang='lat' dir='ltr'><strong>roms</strong></span> <span class='ocrx_word' id='word_1_3' title='bbox 544 348 820 395; x_wconf 76' lang='lat' dir='ltr'><strong>scorasmsrrcrs.</strong></span> <span class='ocrx_word' id='word_1_4' title='bbox 1045 335 1085 395; x_wconf 75' lang='lat'><strong>35</strong></span> 
     </span>
    </p>
   </div>
   <div class='ocr_carea' id='block_1_2' title="bbox 86 515 1085 967">
    <p class='ocr_par' dir='ltr' id='par_1_2' title="bbox 86 515 1085 967">
     <span class='ocr_line' id='line_1_2' title="bbox 88 515 1085 597; baseline -0.001 -13"><span class='ocrx_word' id='word_1_5' title='bbox 88 516 249 584; x_wconf 87' lang='lat' dir='ltr'><strong>ecclesiis</strong></span> <span class='ocrx_word' id='word_1_6' title='bbox 277 519 468 597; x_wconf 86' lang='lat' dir='ltr'><strong>contracta,</strong></span> <span class='ocrx_word' id='word_1_7' title='bbox 497 517 640 583; x_wconf 90' lang='lat' dir='ltr'><strong>decreto</strong></span> <span class='ocrx_word' id='word_1_8' title='bbox 670 516 776 584; x_wconf 89' lang='lat' dir='ltr'><strong>tertio</strong></span> <span class='ocrx_word' id='word_1_9' title='bbox 806 515 959 584; x_wconf 80' lang='lat' dir='ltr'><strong>Concilii</strong></span> <span class='ocrx_word' id='word_1_10' title='bbox 988 515 1085 584; x_wconf 91' lang='lat' dir='ltr'><strong>Neo·</strong></span> 
     </span>
     <span class='ocr_line' id='line_1_3' title="bbox 86 637 1084 720; baseline 0 -14"><span class='ocrx_word' id='word_1_11' title='bbox 86 637 326 706; x_wconf 84' lang='lat' dir='ltr'><strong>Eboracensis</strong></span> <span class='ocrx_word' id='word_1_12' title='bbox 348 637 368 704; x_wconf 93' lang='lat' dir='ltr'>I</span> <span class='ocrx_word' id='word_1_13' title='bbox 389 637 615 720; x_wconf 89' lang='lat' dir='ltr'><strong>inhaerentes,</strong></span> <span class='ocrx_word' id='word_1_14' title='bbox 633 637 794 705; x_wconf 86' lang='lat' dir='ltr'><strong>districte</strong></span> <span class='ocrx_word' id='word_1_15' title='bbox 813 637 1084 706; x_wconf 88' lang='lat' dir='ltr'><strong>inhibemusne</strong></span> 
     </span>
     <span class='ocr_line' id='line_1_4' title="bbox 87 758 1082 842; baseline -0.001 -17"><span class='ocrx_word' id='word_1_16' title='bbox 87 758 307 842; x_wconf 81' lang='lat' dir='ltr'><strong>Sacerdotes,</strong></span> <span class='ocrx_word' id='word_1_17' title='bbox 326 758 534 826; x_wconf 88' lang='lat' dir='ltr'><strong>inconsulto</strong></span> <span class='ocrx_word' id='word_1_18' title='bbox 550 758 753 840; x_wconf 77' lang='lat' dir='ltr'><strong>Ordinatio,</strong></span> <span class='ocrx_word' id='word_1_19' title='bbox 770 758 959 826; x_wconf 91' lang='lat' dir='ltr'><strong>ecclesiam</strong></span> <span class='ocrx_word' id='word_1_20' title='bbox 977 776 1082 825; x_wconf 87' lang='lat' dir='ltr'><strong>suam</strong></span> 
     </span>
     <span class='ocr_line' id='line_1_5' title="bbox 86 878 1085 967; baseline 0 -22"><span class='ocrx_word' id='word_1_21' title='bbox 86 899 157 946; x_wconf 86' lang='lat' dir='ltr'><strong>aere</strong></span> <span class='ocrx_word' id='word_1_22' title='bbox 179 880 296 946; x_wconf 90' lang='lat' dir='ltr'><strong>alieno</strong></span> <span class='ocrx_word' id='word_1_23' title='bbox 329 897 479 967; x_wconf 85' lang='lat' dir='ltr'><strong>gravare</strong></span> <span class='ocrx_word' id='word_1_24' title='bbox 504 882 738 967; x_wconf 78' lang='lat' dir='ltr'><strong>praesumant.</strong></span> <span class='ocrx_word' id='word_1_25' title='bbox 796 878 889 950; x_wconf 75' lang='lat' dir='ltr'><strong>Vide</strong></span> <span class='ocrx_word' id='word_1_26' title='bbox 910 878 1085 964; x_wconf 78' lang='lat' dir='ltr'><strong>Appcad.</strong></span> 
     </span>
    </p>
   </div>
   <div class='ocr_carea' id='block_1_3' title="bbox 85 1001 156 1070">
    <p class='ocr_par' dir='ltr' id='par_1_3' title="bbox 85 1001 156 1070">
     <span class='ocr_line' id='line_1_6' title="bbox 85 1001 156 1070; baseline 0.028 -2"><span class='ocrx_word' id='word_1_27' title='bbox 85 1001 156 1070; x_wconf 91' lang='lat' dir='ltr'><strong>IV.</strong></span> 
     </span>
    </p>
   </div>
   <div class='ocr_carea' id='block_1_4' title="bbox 84 1173 1086 1984">
    <p class='ocr_par' dir='ltr' id='par_1_4' title="bbox 84 1173 1086 1984">
     <span class='ocr_line' id='line_1_7' title="bbox 130 1173 1085 1260; baseline 0 -21"><span class='ocrx_word' id='word_1_28' title='bbox 130 1176 203 1239; x_wconf 74' lang='lat'>124.</span> <span class='ocrx_word' id='word_1_29' title='bbox 227 1173 457 1241; x_wconf 91' lang='lat' dir='ltr'><strong>Meminerint</strong></span> <span class='ocrx_word' id='word_1_30' title='bbox 481 1173 692 1241; x_wconf 73' lang='lat' dir='ltr'><strong>Sacerdotes</strong></span> <span class='ocrx_word' id='word_1_31' title='bbox 708 1173 778 1241; x_wconf 92' lang='lat' dir='ltr'><strong>sibi</strong></span> <span class='ocrx_word' id='word_1_32' title='bbox 793 1193 867 1241; x_wconf 87' lang='lat' dir='ltr'><strong>non</strong></span> <span class='ocrx_word' id='word_1_33' title='bbox 882 1173 990 1240; x_wconf 91' lang='lat' dir='ltr'><strong>licere</strong></span> <span class='ocrx_word' id='word_1_34' title='bbox 1005 1193 1085 1260; x_wconf 81' lang='lat' dir='ltr'><strong>pro</strong></span> 
     </span>
     <span class='ocr_line' id='line_1_8' title="bbox 84 1293 1085 1383; baseline 0.001 -23"><span class='ocrx_word' id='word_1_35' title='bbox 84 1293 165 1382; x_wconf 89' lang='lat' dir='ltr'><strong>prio</strong></span> <span class='ocrx_word' id='word_1_36' title='bbox 176 1294 261 1380; x_wconf 74' lang='lat' dir='ltr'><strong>Jure</strong></span> <span class='ocrx_word' id='word_1_37' title='bbox 276 1296 312 1360; x_wconf 88' lang='lat' dir='ltr'><strong>et</strong></span> <span class='ocrx_word' id='word_1_38' title='bbox 327 1293 472 1361; x_wconf 91' lang='lat' dir='ltr'><strong>nomine</strong></span> <span class='ocrx_word' id='word_1_39' title='bbox 487 1314 600 1383; x_wconf 88' lang='lat' dir='ltr'><strong>penes</strong></span> <span class='ocrx_word' id='word_1_40' title='bbox 616 1315 654 1361; x_wconf 92' lang='lat' dir='ltr'><strong>se</strong></span> <span class='ocrx_word' id='word_1_41' title='bbox 668 1294 820 1361; x_wconf 88' lang='lat' dir='ltr'><strong>retinere</strong></span> <span class='ocrx_word' id='word_1_42' title='bbox 832 1295 929 1362; x_wconf 88' lang='lat' dir='ltr'><strong>bona</strong></span> <span class='ocrx_word' id='word_1_43' title='bbox 942 1293 1085 1381; x_wconf 85' lang='lat' dir='ltr'>quaevis</span> 
     </span>
     <span class='ocr_line' id='line_1_9' title="bbox 87 1411 1081 1500; baseline -0.001 -21"><span class='ocrx_word' id='word_1_44' title='bbox 87 1431 109 1479; x_wconf 91' lang='lat' dir='ltr'><strong>a</strong></span> <span class='ocrx_word' id='word_1_45' title='bbox 133 1411 304 1480; x_wconf 88' lang='lat' dir='ltr'><strong>fidelibus</strong></span> <span class='ocrx_word' id='word_1_46' title='bbox 330 1412 367 1479; x_wconf 88' lang='lat' dir='ltr'><strong>in</strong></span> <span class='ocrx_word' id='word_1_47' title='bbox 392 1413 476 1500; x_wconf 90' lang='lat' dir='ltr'><strong>pios</strong></span> <span class='ocrx_word' id='word_1_48' title='bbox 498 1433 589 1481; x_wconf 87' lang='lat' dir='ltr'><strong>usus</strong></span> <span class='ocrx_word' id='word_1_49' title='bbox 612 1414 768 1497; x_wconf 85' lang='lat' dir='ltr'><strong>donata3</strong></span> <span class='ocrx_word' id='word_1_50' title='bbox 794 1413 859 1480; x_wconf 88' lang='lat' dir='ltr'><strong>sed</strong></span> <span class='ocrx_word' id='word_1_51' title='bbox 881 1413 960 1480; x_wconf 83' lang='lat' dir='ltr'><strong>haec</strong></span> <span class='ocrx_word' id='word_1_52' title='bbox 983 1414 1081 1480; x_wconf 90' lang='lat' dir='ltr'><strong>bona</strong></span> 
     </span>
     <span class='ocr_line' id='line_1_10' title="bbox 87 1532 1086 1620; baseline 0 -21"><span class='ocrx_word' id='word_1_53' title='bbox 87 1533 335 1599; x_wconf 87' lang='lat' dir='ltr'><strong>concredenda</strong></span> <span class='ocrx_word' id='word_1_54' title='bbox 345 1532 509 1600; x_wconf 77' lang='lat' dir='ltr'>societati</span> <span class='ocrx_word' id='word_1_55' title='bbox 516 1534 736 1602; x_wconf 81' lang='lat' dir='ltr'><strong>aedituorum</strong></span> <span class='ocrx_word' id='word_1_56' title='bbox 748 1534 873 1620; x_wconf 80' lang='lat' dir='ltr'>(vulgo</span> <span class='ocrx_word' id='word_1_57' title='bbox 888 1533 1086 1619; x_wconf 75' lang='lat' dir='ltr'><strong>ilacteec),</strong></span> 
     </span>
     <span class='ocr_line' id='line_1_11' title="bbox 86 1653 1079 1743; baseline 0.001 -23"><span class='ocrx_word' id='word_1_58' title='bbox 86 1653 317 1722; x_wconf 79' lang='lat' dir='ltr'><strong>conformiter</strong></span> <span class='ocrx_word' id='word_1_59' title='bbox 331 1655 404 1743; x_wconf 86' lang='lat' dir='ltr'><strong>legi</strong></span> <span class='ocrx_word' id='word_1_60' title='bbox 419 1656 457 1721; x_wconf 92' lang='lat' dir='ltr'><strong>in</strong></span> <span class='ocrx_word' id='word_1_61' title='bbox 472 1655 541 1723; x_wconf 89' lang='lat' dir='ltr'><strong>hoc</strong></span> <span class='ocrx_word' id='word_1_62' title='bbox 559 1657 672 1741; x_wconf 84' lang='lat' dir='ltr'><strong>Statu,</strong></span> <span class='ocrx_word' id='word_1_63' title='bbox 693 1656 753 1722; x_wconf 89' lang='lat' dir='ltr'><strong>die</strong></span> <span class='ocrx_word' id='word_1_64' title='bbox 768 1658 810 1722; x_wconf 75' lang='lat'><strong>25</strong></span> <span class='ocrx_word' id='word_1_65' title='bbox 827 1655 961 1736; x_wconf 92' lang='lat' dir='ltr'><strong>Martii,</strong></span> <span class='ocrx_word' id='word_1_66' title='bbox 982 1657 1079 1740; x_wconf 88' lang='lat'>1863,</span> 
     </span>
     <span class='ocr_line' id='line_1_12' title="bbox 85 1777 1085 1866; baseline 0.003 -23"><span class='ocrx_word' id='word_1_67' title='bbox 85 1777 170 1858; x_wconf 87' lang='lat' dir='ltr'><strong>lata,</strong></span> <span class='ocrx_word' id='word_1_68' title='bbox 190 1778 344 1864; x_wconf 86' lang='lat' dir='ltr'><strong>Anglice</strong></span> <span class='ocrx_word' id='word_1_69' title='bbox 366 1779 484 1862; x_wconf 85' lang='lat' dir='ltr'><strong>dictae,</strong></span> <span class='ocrx_word' id='word_1_70' title='bbox 516 1779 613 1847; x_wconf 81' lang='lat' dir='ltr'><strong>“Aa</strong></span> <span class='ocrx_word' id='word_1_71' title='bbox 636 1781 695 1846; x_wconf 82' lang='lat' dir='ltr'><strong>act</strong></span> <span class='ocrx_word' id='word_1_72' title='bbox 717 1779 1028 1866; x_wconf 72' lang='lat' dir='ltr'><strong>supplemeatcry</strong></span> <span class='ocrx_word' id='word_1_73' title='bbox 1048 1779 1085 1846; x_wconf 83' lang='lat' dir='ltr'><strong>to</strong></span> 
     </span>
     <span class='ocr_line' id='line_1_13' title="bbox 85 1897 1080 1984; baseline 0.002 -20"><span class='ocrx_word' id='word_1_74' title='bbox 85 1897 219 1965; x_wconf 74' lang='lat' dir='ltr'><strong>theoct</strong></span> <span class='ocrx_word' id='word_1_75' title='bbox 234 1899 387 1967; x_wconf 79' lang='lat' dir='ltr'><strong>eat&#39;tled</strong></span> <span class='ocrx_word' id='word_1_76' title='bbox 412 1904 420 1935; x_wconf 78' lang='lat'>⁶</span> <span class='ocrx_word' id='word_1_77' title='bbox 433 1900 497 1968; x_wconf 85' lang='lat' dir='ltr'><strong>Aa</strong></span> <span class='ocrx_word' id='word_1_78' title='bbox 512 1902 572 1967; x_wconf 82' lang='lat' dir='ltr'><strong>act</strong></span> <span class='ocrx_word' id='word_1_79' title='bbox 587 1901 622 1967; x_wconf 84' lang='lat' dir='ltr'><strong>tc</strong></span> <span class='ocrx_word' id='word_1_80' title='bbox 630 1901 788 1984; x_wconf 77' lang='lat' dir='ltr'><strong>procide</strong></span> <span class='ocrx_word' id='word_1_81' title='bbox 798 1901 871 1984; x_wconf 86' lang='lat' dir='ltr'><strong>for</strong></span> <span class='ocrx_word' id='word_1_82' title='bbox 886 1900 946 1968; x_wconf 78' lang='lat' dir='ltr'><strong>ae</strong></span> <span class='ocrx_word' id='word_1_83' title='bbox 962 1902 1080 1967; x_wconf 80' lang='lat' dir='ltr'><strong>iacer-</strong></span> 
     </span>
    </p>
   </div>
   <div class='ocr_carea' id='block_1_5' title="bbox 77 2022 1082 2109">
    <p class='ocr_par' dir='ltr' id='par_1_5' title="bbox 77 2022 1082 2109">
     <span class='ocr_line' id='line_1_14' title="bbox 77 2022 1082 2109; baseline 0.004 -21"><span class='ocrx_word' id='word_1_84' title='bbox 77 2022 258 2107; x_wconf 74' lang='lat' dir='ltr'><strong>porctioa</strong></span> <span class='ocrx_word' id='word_1_85' title='bbox 285 2023 330 2106; x_wconf 85' lang='lat' dir='ltr'><strong>of</strong></span> <span class='ocrx_word' id='word_1_86' title='bbox 351 2022 549 2109; x_wconf 57' lang='lat' dir='ltr'><strong>Bellatores</strong></span> <span class='ocrx_word' id='word_1_87' title='bbox 575 2024 768 2107; x_wconf 65' lang='lat' dir='ltr'><strong>Societiea’</strong></span> <span class='ocrx_word' id='word_1_88' title='bbox 794 2024 939 2109; x_wconf 75' lang='lat' dir='ltr'><strong>passed</strong></span> <span class='ocrx_word' id='word_1_89' title='bbox 965 2023 1082 2109; x_wconf 74' lang='lat' dir='ltr'><strong>April</strong></span> 
     </span>
    </p>
   </div>
   <div class='ocr_carea' id='block_1_6' title="bbox 82 2141 705 2231">
    <p class='ocr_par' dir='ltr' id='par_1_6' title="bbox 82 2141 705 2231">
     <span class='ocr_line' id='line_1_15' title="bbox 82 2141 705 2231; baseline 0.005 -21"><span class='ocrx_word' id='word_1_90' title='bbox 82 2141 156 2221; x_wconf 76' lang='lat' dir='ltr'><strong>sta,</strong></span> <span class='ocrx_word' id='word_1_91' title='bbox 176 2144 296 2210; x_wconf 83' lang='lat'>1813.”</span> <span class='ocrx_word' id='word_1_92' title='bbox 356 2144 447 2213; x_wconf 74' lang='lat' dir='ltr'><strong>Viae</strong></span> <span class='ocrx_word' id='word_1_93' title='bbox 462 2145 633 2231; x_wconf 75' lang='lat' dir='ltr'><strong>Appead.</strong></span> <span class='ocrx_word' id='word_1_94' title='bbox 648 2146 705 2215; x_wconf 91' lang='lat' dir='ltr'><strong>II.</strong></span> 
     </span>
    </p>
   </div>
   <div class='ocr_carea' id='block_1_7' title="bbox 82 2365 1088 2944">
    <p class='ocr_par' dir='ltr' id='par_1_7' title="bbox 82 2365 1088 2944">
     <span class='ocr_line' id='line_1_16' title="bbox 130 2365 1084 2437; baseline 0.006 -6"><span class='ocrx_word' id='word_1_95' title='bbox 130 2368 204 2432; x_wconf 79' lang='lat'>125.</span> <span class='ocrx_word' id='word_1_96' title='bbox 229 2365 314 2435; x_wconf 88' lang='lat' dir='ltr'><strong>Non</strong></span> <span class='ocrx_word' id='word_1_97' title='bbox 337 2367 459 2435; x_wconf 81' lang='lat' dir='ltr'>licebit</span> <span class='ocrx_word' id='word_1_98' title='bbox 481 2368 645 2436; x_wconf 88' lang='lat' dir='ltr'><strong>alterutri</strong></span> <span class='ocrx_word' id='word_1_99' title='bbox 668 2368 889 2436; x_wconf 85' lang='lat' dir='ltr'><strong>aedituorum</strong></span> <span class='ocrx_word' id='word_1_100' title='bbox 905 2370 1084 2437; x_wconf 87' lang='lat' dir='ltr'><strong>laicorum</strong></span> 
     </span>
     <span class='ocr_line' id='line_1_17' title="bbox 82 2486 1088 2574; baseline 0.005 -22"><span class='ocrx_word' id='word_1_101' title='bbox 82 2486 277 2574; x_wconf 84' lang='lat' dir='ltr'><strong>pecuniam</strong></span> <span class='ocrx_word' id='word_1_102' title='bbox 292 2507 315 2553; x_wconf 89' lang='lat' dir='ltr'><strong>a</strong></span> <span class='ocrx_word' id='word_1_103' title='bbox 330 2487 501 2555; x_wconf 87' lang='lat' dir='ltr'><strong>fidelibus</strong></span> <span class='ocrx_word' id='word_1_104' title='bbox 523 2487 562 2554; x_wconf 89' lang='lat' dir='ltr'><strong>in</strong></span> <span class='ocrx_word' id='word_1_105' title='bbox 585 2508 676 2556; x_wconf 87' lang='lat' dir='ltr'><strong>usus</strong></span> <span class='ocrx_word' id='word_1_106' title='bbox 699 2488 960 2556; x_wconf 87' lang='lat' dir='ltr'><strong>ecclesiasticos</strong></span> <span class='ocrx_word' id='word_1_107' title='bbox 977 2489 1088 2557; x_wconf 88' lang='lat' dir='ltr'><strong>socie-</strong></span> 
     </span>
     <span class='ocr_line' id='line_1_18' title="bbox 84 2611 1087 2698; baseline 0.004 -22"><span class='ocrx_word' id='word_1_108' title='bbox 84 2611 152 2677; x_wconf 86' lang='lat' dir='ltr'><strong>tati</strong></span> <span class='ocrx_word' id='word_1_109' title='bbox 179 2614 404 2698; x_wconf 84' lang='lat' dir='ltr'><strong>corrogatam</strong></span> <span class='ocrx_word' id='word_1_110' title='bbox 425 2615 490 2679; x_wconf 89' lang='lat' dir='ltr'><strong>aut</strong></span> <span class='ocrx_word' id='word_1_111' title='bbox 509 2611 712 2698; x_wconf 82' lang='lat' dir='ltr'>Religionis</span> <span class='ocrx_word' id='word_1_112' title='bbox 728 2631 957 2679; x_wconf 85' lang='lat' dir='ltr'><strong>sacrorumve</strong></span> <span class='ocrx_word' id='word_1_113' title='bbox 980 2611 1087 2680; x_wconf 89' lang='lat' dir='ltr'>Mini-</span> 
     </span>
     <span class='ocr_line' id='line_1_19' title="bbox 83 2732 1085 2821; baseline 0.005 -25"><span class='ocrx_word' id='word_1_114' title='bbox 83 2735 242 2796; x_wconf 88' lang='lat' dir='ltr'><strong>strorum</strong></span> <span class='ocrx_word' id='word_1_115' title='bbox 255 2750 366 2799; x_wconf 87' lang='lat' dir='ltr'><strong>causa</strong></span> <span class='ocrx_word' id='word_1_116' title='bbox 378 2733 689 2800; x_wconf 86' lang='lat' dir='ltr'><strong>subministratam</strong></span> <span class='ocrx_word' id='word_1_117' title='bbox 701 2734 841 2821; x_wconf 89' lang='lat' dir='ltr'><strong>absque</strong></span> <span class='ocrx_word' id='word_1_118' title='bbox 850 2732 1014 2802; x_wconf 81' lang='lat' dir='ltr'><strong>Pastoris</strong></span> <span class='ocrx_word' id='word_1_119' title='bbox 1026 2735 1085 2802; x_wconf 89' lang='lat' dir='ltr'><strong>vel</strong></span> 
     </span>
     <span class='ocr_line' id='line_1_20' title="bbox 85 2850 974 2944; baseline 0.008 -26"><span class='ocrx_word' id='word_1_120' title='bbox 85 2850 268 2918; x_wconf 85' lang='lat' dir='ltr'><strong>Ordinarii</strong></span> <span class='ocrx_word' id='word_1_121' title='bbox 282 2852 429 2920; x_wconf 92' lang='lat' dir='ltr'><strong>licentia</strong></span> <span class='ocrx_word' id='word_1_122' title='bbox 444 2856 659 2943; x_wconf 85' lang='lat' dir='ltr'><strong>expendere.</strong></span> <span class='ocrx_word' id='word_1_123' title='bbox 705 2857 795 2944; x_wconf 72' lang='lat' dir='ltr'><strong>Syn.</strong></span> <span class='ocrx_word' id='word_1_124' title='bbox 817 2856 899 2924; x_wconf 82' lang='lat' dir='ltr'><strong>Alb.</strong></span> <span class='ocrx_word' id='word_1_125' title='bbox 917 2857 974 2925; x_wconf 94' lang='lat' dir='ltr'><strong>II.</strong></span> 
     </span>
    </p>
   </div>
   <div class='ocr_carea' id='block_1_8' title="bbox 83 3056 1086 3732">
    <p class='ocr_par' dir='ltr' id='par_1_8' title="bbox 83 3056 1086 3732">
     <span class='ocr_line' id='line_1_21' title="bbox 128 3056 1083 3144; baseline 0.005 -23"><span class='ocrx_word' id='word_1_126' title='bbox 128 3058 201 3122; x_wconf 81' lang='lat'><strong>126.</strong></span> <span class='ocrx_word' id='word_1_127' title='bbox 227 3056 388 3144; x_wconf 84' lang='lat' dir='ltr'>Singulis</span> <span class='ocrx_word' id='word_1_128' title='bbox 414 3079 499 3126; x_wconf 84' lang='lat' dir='ltr'><strong>vero</strong></span> <span class='ocrx_word' id='word_1_129' title='bbox 530 3060 635 3128; x_wconf 88' lang='lat' dir='ltr'><strong>annis</strong></span> <span class='ocrx_word' id='word_1_130' title='bbox 665 3062 749 3127; x_wconf 89' lang='lat' dir='ltr'><strong>ante</strong></span> <span class='ocrx_word' id='word_1_131' title='bbox 779 3060 956 3128; x_wconf 90' lang='lat' dir='ltr'><strong>decimam</strong></span> <span class='ocrx_word' id='word_1_132' title='bbox 986 3061 1083 3128; x_wconf 86' lang='lat' dir='ltr'><strong>diem</strong></span> 
     </span>
     <span class='ocr_line' id='line_1_22' title="bbox 83 3179 1082 3270; baseline 0.003 -22"><span class='ocrx_word' id='word_1_133' title='bbox 83 3180 107 3248; x_wconf 88' lang='lat' dir='ltr'><strong>J</strong></span> <span class='ocrx_word' id='word_1_134' title='bbox 109 3179 263 3259; x_wconf 85' lang='lat' dir='ltr'><strong>armarii,</strong></span> <span class='ocrx_word' id='word_1_135' title='bbox 295 3180 504 3249; x_wconf 75' lang='lat' dir='ltr'><strong>Sacerdotes</strong></span> <span class='ocrx_word' id='word_1_136' title='bbox 534 3184 670 3270; x_wconf 87' lang='lat' dir='ltr'><strong>scripto</strong></span> <span class='ocrx_word' id='word_1_137' title='bbox 703 3184 811 3251; x_wconf 90' lang='lat' dir='ltr'><strong>nobis</strong></span> <span class='ocrx_word' id='word_1_138' title='bbox 848 3184 1002 3250; x_wconf 89' lang='lat' dir='ltr'><strong>referent</strong></span> <span class='ocrx_word' id='word_1_139' title='bbox 1039 3203 1082 3251; x_wconf 91' lang='lat' dir='ltr'><strong>ea</strong></span> 
     </span>
     <span class='ocr_line' id='line_1_23' title="bbox 83 3300 1086 3389; baseline 0.002 -21"><span class='ocrx_word' id='word_1_140' title='bbox 83 3300 206 3368; x_wconf 88' lang='lat' dir='ltr'><strong>omnia</strong></span> <span class='ocrx_word' id='word_1_141' title='bbox 221 3319 306 3387; x_wconf 85' lang='lat' dir='ltr'><strong>quae</strong></span> <span class='ocrx_word' id='word_1_142' title='bbox 323 3304 457 3368; x_wconf 87' lang='lat' dir='ltr'><strong>statum</strong></span> <span class='ocrx_word' id='word_1_143' title='bbox 483 3304 518 3369; x_wconf 91' lang='lat' dir='ltr'><strong>et</strong></span> <span class='ocrx_word' id='word_1_144' title='bbox 541 3302 745 3389; x_wconf 88' lang='lat' dir='ltr'><strong>profectum</strong></span> <span class='ocrx_word' id='word_1_145' title='bbox 772 3322 922 3370; x_wconf 87' lang='lat' dir='ltr'><strong>suarum</strong></span> <span class='ocrx_word' id='word_1_146' title='bbox 946 3303 1086 3370; x_wconf 91' lang='lat' dir='ltr'><strong>missio·</strong></span> 
     </span>
     <span class='ocr_line' id='line_1_24' title="bbox 83 3420 1084 3510; baseline 0.005 -23"><span class='ocrx_word' id='word_1_147' title='bbox 83 3439 172 3487; x_wconf 87' lang='lat' dir='ltr'><strong>num</strong></span> <span class='ocrx_word' id='word_1_148' title='bbox 194 3420 424 3508; x_wconf 84' lang='lat' dir='ltr'><strong>patefaciant,</strong></span> <span class='ocrx_word' id='word_1_149' title='bbox 442 3423 554 3510; x_wconf 77' lang='lat' dir='ltr'><strong>Juxta</strong></span> <span class='ocrx_word' id='word_1_150' title='bbox 576 3422 789 3490; x_wconf 86' lang='lat' dir='ltr'><strong>schedulam</strong></span> <span class='ocrx_word' id='word_1_151' title='bbox 812 3423 914 3510; x_wconf 86' lang='lat' dir='ltr'><strong>typis</strong></span> <span class='ocrx_word' id='word_1_152' title='bbox 934 3423 1084 3510; x_wconf 90' lang='lat' dir='ltr'><strong>impres·</strong></span> 
     </span>
     <span class='ocr_line' id='line_1_25' title="bbox 84 3545 1083 3632; baseline 0.004 -20"><span class='ocrx_word' id='word_1_153' title='bbox 84 3563 173 3626; x_wconf 87' lang='lat' dir='ltr'><strong>sam,</strong></span> <span class='ocrx_word' id='word_1_154' title='bbox 200 3563 312 3631; x_wconf 88' lang='lat' dir='ltr'><strong>quam</strong></span> <span class='ocrx_word' id='word_1_155' title='bbox 337 3545 491 3632; x_wconf 87' lang='lat' dir='ltr'>singulis</span> <span class='ocrx_word' id='word_1_156' title='bbox 526 3546 564 3613; x_wconf 89' lang='lat' dir='ltr'><strong>in</strong></span> <span class='ocrx_word' id='word_1_157' title='bbox 600 3549 825 3615; x_wconf 89' lang='lat' dir='ltr'><strong>antecessum</strong></span> <span class='ocrx_word' id='word_1_158' title='bbox 861 3546 957 3615; x_wconf 89' lang='lat' dir='ltr'><strong>mitti</strong></span> <span class='ocrx_word' id='word_1_159' title='bbox 981 3568 1083 3616; x_wconf 91' lang='lat' dir='ltr'><strong>cura·</strong></span> 
     </span>
     <span class='ocr_line' id='line_1_26' title="bbox 83 3664 217 3732; baseline 0.007 -1"><span class='ocrx_word' id='word_1_160' title='bbox 83 3664 217 3732; x_wconf 87' lang='lat' dir='ltr'><strong>bimus.</strong></span> 
     </span>
    </p>
   </div>
   <div class='ocr_carea' id='block_1_9' title="bbox 0 0 1260 4260">
    <p class='ocr_par' dir='ltr' id='par_1_9' title="bbox 0 0 1260 4260">
     <span class='ocr_line' id='line_1_27' title="bbox 0 0 1260 4260; baseline 0 0"><span class='ocrx_word' id='word_1_161' title='bbox 0 0 1260 4260; x_wconf 95' lang='lat' dir='ltr'><strong> </strong></span> 
     </span>
    </p>
   </div>
  </div>
 </body>
</html>
