2512 4260
74 372 78 380 Ι
130 297 163 354 [6
280 307 410 351 SYNODI
432 304 760 352 OGDENSBURGENSIS
782 305 796 349 I
818 305 977 352 STATUTA.

482 593 642 662 CAPUT
664 593 768 663 VIII.

314 771 365 818 11
389 770 646 819 1111111111
670 768 937 817 1111111111.
1064 832 1067 836 A

168 914 221 978 57.
250 912 458 977 “Sanctum
483 909 714 976 Poenitentiae
747 908 1031 990 Sacramentum,
1052 911 1130 976 tan-

45 1030 50 1036 ’
126 1054 239 1122 quam
254 1034 424 1100 humanae
440 1032 659 1098 infirmitatis
675 1031 885 1114 remedium,
904 1030 954 1097 ad
968 1051 1039 1114 eos,
1061 1032 1129 1119 qui

126 1159 212 1242 post
227 1154 457 1240 Baptismum
481 1153 577 1239 lapsi
593 1156 687 1235 sunt,
707 1153 745 1218 in
767 1153 922 1239 gratiam
942 1151 1012 1219 Dei
1026 1153 1128 1220 rest-i-

127 1275 292 1355 tuendos,
310 1293 332 1338 a
347 1273 492 1340 Christo
509 1272 667 1338 Domino
683 1272 900 1356 institutum,
917 1293 961 1339 eo
977 1272 1130 1359 diligen·

127 1393 201 1459 tius
217 1392 547 1459 administrandum
565 1397 630 1472 est,
647 1411 722 1478 quo
737 1391 961 1478 frequentior
975 1394 1030 1457 est
1045 1392 1130 1478 ejus

127 1535 228 1594 1111,
245 1517 282 1579 et
304 1533 378 1599 quo
394 1514 504 1598 plura
525 1513 763 1600 requiruntur
786 1513 833 1579 ad
848 1513 943 1579 illud
958 1512 1025 1578 rite
1049 1512 1129 1600 dig·

127 1653 245 1719 neque
269 1634 500 1699 tractandum
533 1653 575 1699 ae
610 1631 921 1720 suscipiendum.'’
971 1632 1132 1700 aeruca

126 1753 234 1819 Rom.

170 1925 223 1988 58.
247 1922 423 2009 Magnum
440 1929 476 1990 et
491 1923 649 1989 arduum
664 1926 719 1989 est
741 1943 875 1990 munus
895 1923 996 2010 quod
1023 1922 1130 1990 mini·
1192 2002 1194 2005 v

128 2046 201 2110 stro
226 2044 445 2110 Sacramenti
468 2042 699 2110 Poenitentiae
728 2042 914 2109 incumbit.
971 2043 1015 2109 In
1045 2043 1130 2131 ipso

128 2164 221 2230 enim
239 2164 477 2251 requiruntur
493 2163 650 2246 scientia,
671 2164 814 2230 bonitas
837 2167 948 2251 atque
967 2164 1130 2252 pruden-

128 2287 188 2370 tia,
208 2291 251 2353 ut
273 2287 507 2372 poenitentem
523 2286 674 2374 judicet,
702 2286 871 2353 absolvat
895 2306 937 2353 ae
966 2289 1078 2368 sanet,
1094 2293 1134 2354 et

130 2406 350 2473 inviolabilis
378 2407 450 2473 oris
474 2406 649 2489 custodia,
671 2409 712 2472 ut
734 2410 883 2492 peccata
899 2406 936 2472 in
953 2404 1132 2474 Confessi-

128 2548 196 2595 one
213 2527 281 2593 sibi
297 2528 464 2614 exposita
480 2532 613 2593 aeterno
630 2527 771 2594 silentio
788 2529 938 2613 premat.
983 2526 1131 2606 Quibus

129 2648 298 2714 omnibus
314 2651 356 2714 ut
368 2648 439 2714 sint
453 2648 584 2726 idonei,
601 2648 701 2714 omni
717 2647 840 2714 studio
857 2666 983 2713 curare
995 2646 1133 2714 debent

128 2767 358 2836 confessarii.
412 2767 514 2835 Coae.
535 2768 644 2836 Plan.
663 2787 728 2835 11.
744 2770 818 2850 279,
831 2769 905 2848 280,
924 2770 998 2833 290.

51 3027 59 3039 ,
171 2960 224 3024 59.
242 2956 766 3044 Qunm,praeter0rdinem,ad
777 2956 898 3023 valide
913 2955 1131 3023 remittenda

129 3081 277 3164 peccata
291 3079 498 3166 requiratur
509 3079 728 3166 jurisdictio
740 3077 996 3164 unusquisque
1010 3077 1132 3144 Sacer-

130 3199 207 3274 dos,
218 3199 267 3265 ad
280 3199 522 3266 confessiones
539 3199 772 3285 excipiendas
784 3196 1019 3284 approbatus,
1035 3216 1132 3284 quas

129 3318 321 3385 facultates
337 3320 477 3401 habeat,
499 3339 592 3406 quas
608 3338 682 3385 non
697 3317 833 3384 habeat
849 3316 1051 3404 prudenter
1070 3335 1134 3383 ex·
1157 3347 1159 3351 >

131 3437 261 3524 quIrat.
309 3436 412 3504 Ooac.
426 3437 533 3505 Pleu.
549 3457 586 3504 a.
602 3439 675 3504 277.

174 3629 225 3692 60.
254 3625 329 3692 Sub
344 3625 445 3712 gravi
460 3624 694 3712 praecipimus
710 3626 753 3689 ut
767 3641 819 3704 ea,
830 3639 915 3708 quae
930 3639 953 3686 a
967 3617 1132 3687 Concilio
