2512 4260
475 320 520 363 nu
542 319 774 365 usrsmonro.
1092 309 1130 367 21

174 493 226 558 72.
260 488 460 557 Fidelium
492 489 675 555 studium
693 490 826 557 crebris
865 490 1135 558 hortationibus

128 613 330 680 accendant
354 617 415 678 “ut
452 612 702 698 eleemosynas
733 613 772 678 in
810 634 905 700 opus
946 614 1136 682 Seminarii

129 753 195 800 seu
218 731 430 798 clericorum
453 729 693 797 institutionis
717 731 914 798 liberaliter
936 733 1130 800 conferant.

132 860 236 929 Ocno.
252 859 411 932 Plena.
428 862 502 925 171.

509 1098 669 1168 CAPUT
694 1099 783 1166 XI.'

465 1275 517 1322 nn
541 1275 803 1324 marmoreum.

173 1419 226 1482 73.
250 1414 385 1483 Ourent
408 1414 619 1481 Sacerdotes
643 1417 686 1481 ut
705 1415 831 1482 fideles
854 1417 901 1483 ad
926 1417 1132 1483 Sacramen-

128 1538 216 1602 tum‘
238 1532 461 1601 Matrimonii
484 1534 733 1620 recipiendum
764 1536 854 1602 bene
885 1537 1003 1621 parati
1033 1557 1129 1604 aoce-

129 1655 229 1721 dant.
273 1653 551 1721 Admoneantur
564 1652 689 1739 itaque
705 1637 960 1740 nupturientes
975 1659 1027 1737 ut,
1037 1659 1132 1722 ante-

132 1796 244 1863 quam
287 1775 511 1858 contrahant,
555 1775 785 1842 Sacramenta
832 1776 1060 1844 Poenitentiae
1098 1782 1134 1845 et

129 1899 369 1968 Eucharistiae
394 1900 455 1988 pie
478 1899 690 1986 suscipiant,
707 1903 743 1966 et
767 1900 817 1968 sic
842 1901 889 1967 ad
914 1902 984 1968 hoo
1009 1902 1132 1969 Sacra-

131 2026 290 2089 mentum
308 2022 473 2089 vivorum
497 2022 535 2087 in
560 2025 657 2088 statu
680 2023 806 2109 gratiae
822 2026 867 2106 et,
888 2043 963 2109 qua
988 2043 1054 2109 par
1078 2027 1134 2091 est

129 2125 329 2209 devotione,
349 2125 532 2192 accedant.
586 2125 688 2192 Oooc.
704 2125 811 2193 Plan.
827 2146 865 2193 a.
884 2130 957 2192 329.

171 2302 223 2364 74.
246 2297 520 2364 Matrimonium
548 2304 686 2383 quanto
711 2299 827 2386 magis
854 2298 900 2364 ab
930 2299 1130 2366 incredulis

128 2425 165 2486 et
179 2418 358 2486 haereticis
373 2422 549 2504 tanquam
573 2439 673 2504 nuga
686 2423 869 2500 tractatur,
887 2440 929 2485 eo
945 2420 1075 2507 maj0ri
1090 2409 1130 2485 in*

129 2540 267 2606 honore
283 2539 509 2605 acatholicis
532 2542 586 2605 est
608 2539 830 2605 habendum.
879 2539 1040 2606 Proinde
1063 2540 1131 2606 fer-

130 2664 259 2727 venter·
270 2666 442 2748 optamus
468 2666 511 2727 ut
535 2681 677 2746 semper
692 2660 788 2725 infra
813 2660 959 2726 missam
980 2661 1131 2728 solemni

128 2781 376 2848 benedictione
392 2783 630 2859 consecretur,
643 2781 700 2847 vel
713 2779 905 2847 comitante
918 2781 1029 2847 missa
1041 2782 1129 2849 oele-

126 2904 261 2969 bretur.
299 2901 481 2976 Laborent
495 2903 699 2967 animarum
720 2901 891 2969 Pastores
906 2904 948 2968 ut
964 2922 1043 2969 mos
1059 2902 1127 2969 iste

122 3045 194 3112 per
221 3027 332 3119 totam
361 3023 556 3090 Dioeoesim
581 3024 788 3110 praevaleat.
836 3024 941 3091 Ocno.
958 3024 1064 3091 Pleo.
1088 3044 1126 3091 o.

128 3150 202 3213 333.

171 3287 224 3352 75.
252 3283 360 3364 Quod
377 3284 407 3351 si
422 3284 492 3350 hoo
517 3283 671 3350 obtineri
695 3287 860 3370 nequeat,
881 3284 1008 3350 saltem
1024 3304 1128 3352 num·

128 3428 239 3495 quam
255 3408 293 3473 in
321 3407 430 3474 domo
456 3407 601 3494 privata
627 3406 829 3472 celebretur
851 3405 1126 3472 Matrimonium
1219 3454 1226 3459 -

127 3528 221 3594 inter
237 3527 444 3610 catholicos,
464 3527 528 3594 sed
554 3527 593 3593 in
619 3527 770 3594 ecclesia
784 3531 829 3610 et,
850 3530 1028 3613 quantum
1052 3527 1132 3594 fieri

127 3655 257 3741 potest,
271 3653 360 3719 hora
374 3651 668 3720 antemeridiana.
716 3651 819 3719 Ocno.
834 3651 942 3718 Plan.
958 3671 994 3718 o.
1009 3655 1082 3718 329.
