2512 4260
424 279 537 324 runnx
558 278 826 324 capuanumque.
1085 264 1124 326 67

1065 421 1123 466 Pac.

127 492 1037 556 Dourion
1084 494 1125 554 34

167 574 215 635 Eo
224 578 391 654 pereuntes
400 573 568 653 privantur
576 572 784 634 ecclesiastica
793 573 964 653 sepultura
975 575 1042 635 119.

127 735 299 796 Eccuasrs
325 781 532 796 ...........
707 781 1037 797 .................
1106 737 1125 796 2

168 817 271 876 Extra
285 814 459 876 Ecclesiam
474 834 568 876 nemo
584 816 732 876 salvatur.
754 819 781 875 5.

127 976 305 1037 Eccuusrm
324 1022 1036 1040 ....................................
1086 979 1126 1040 34

168 1058 268 1119 Nulla
280 1057 473 1130 aedificanda,
489 1058 673 1118 notabiliter
687 1057 843 1118 mutanda
858 1060 915 1119 aut
929 1057 1044 1120 debitis

209 1138 369 1198 oneranda
383 1138 450 1198 sine
465 1137 594 1198 licentia
605 1137 764 1217 Episcopi.
787 1142 854 1213 122,
871 1142 939 1200 123.

168 1218 318 1360 qulesiae
340 1219 433 1279 rebus
455 1237 503 1279 res
525 1237 597 1280 suas
622 1239 662 1280 ne
687 1219 914 1281 commisceant
938 1219 1045 1282 Sacer·

231 1305 306 1360 otes.
329 1302 396 1359 128.

128 1442 133 1459 ,1
171 1380 290 1441 Salaria
318 1380 357 1440 ab
380 1379 508 1440 ecclesia
527 1378 643 1441 debent
670 1379 842 1461 quotannis
865 1381 966 1462 accipi
987 1393 1044 1443 aut

209 1480 297 1522 secus
311 1459 448 1522 ecclesiae
467 1460 587 1522 donari.
614 1464 681 1523 131.

169 1543 270 1602 Extra
284 1541 446 1602 ecclesiam
460 1560 524 1601 non
538 1541 720 1603 conteratur
731 1542 916 1622 Baptismus
927 1543 1043 1625 absque

209 1622 296 1703 gravi
312 1640 414 1682 causa.
436 1624 484 1682 30.

168 1704 279 1782 Neque
294 1711 384 1764 extra
398 1721 467 1762 eam
480 1702 686 1763 benedicatur
700 1723 862 1782 puerpera.
884 1707 932 1765 35.

171 1784 311 1845 Ecclesia
332 1783 400 1862 jam
424 1786 462 1842 A.
476 1782 513 1843 D.
541 1787 630 1857 1749,
647 1784 836 1864 Ogdensbur
857 1784 868 1844 i
892 1778 1047 1847 aedificata

211 1865 268 1925 sub
284 1864 378 1924 titulo
399 1869 417 1897 “
433 1862 691 1925 Praesentationis
714 1864 819 1926 Beatae
879 1865 952 1927 arias
973 1865 1046 1927 Vir·

209 1944 326 2025 ginis.'’
368 1946 451 2023 App.
467 1943 491 2004 I.

129 2106 380 2167 acarnaniam
388 2152 1039 2171 .................................
1107 2113 1126 2172 3

169 2186 392 2328 lnqiprqbaruqr
407 2186 501 2248 lectio
517 2192 642 2250 vetatur
650 2207 660 2264 ;
690 2189 781 2249 bonas
796 2207 869 2250 vero
884 2207 1046 2250 commen-

232 2287 271 2328 en
290 2288 335 2328 ur.
381 2311 388 2326 .

129 2428 380 2490 Eucuaarsrra
395 2430 658 2490 Saouauuurmr
665 2474 1036 2495 ...................
1085 2434 1122 2493 11

170 2510 297 2584 Quanta
312 2529 384 2570 cum
400 2509 575 2589 reverentia
589 2510 631 2570 sit
645 2509 859 2571 tractandum.
882 2513 930 2571 39.

170 2592 210 2652 In
226 2611 290 2650 uno
305 2594 435 2653 tantum
450 2591 519 2651 loco
534 2589 670 2651 ecclesias
682 2593 867 2652 asservetur.
894 2594 942 2653 49.

172 2671 337 2745 Quomodo
352 2670 605 2734 custodiendum.
628 2674 676 2732 50.
732 2730 736 2738 ,

171 2753 379 2895 Lamptasdlut
394 2755 505 2815 saltem
526 2752 635 2813 lumen
657 2751 786 2833 aliquod
807 2771 914 2813 coram
937 2771 973 2814 eo
996 2752 1045 2815 lu·

211 2853 288 2895 cea.
351 2881 357 2895 .

171 2914 339 2976 Particulae
354 2914 488 2997 singulis
504 2912 640 2975 octiduis
655 2912 852 2976 renovandae.
878 2918 926 2976 51.

170 2996 321 3134 Viqiltatio
345 2995 542 3058 sanctissimi
572 2994 769 3057 sacramenti
798 2994 1047 3057 commendetur.

172 3123 340 3227 Quomodo
355 3155 397 3217 sit
411 3156 451 3217 ad
465 3156 607 3217 infirmos
622 3156 839 3218 deferendum.
870 3154 1047 3218 71120011-

214 3250 338 3296 uuum.

133 3382 288 3444 Exrnuu
310 3429 1043 3449 .....................................
1091 3389 1130 3449 39

176 3463 357 3525 Sacerdotes
372 3464 411 3525 ab
425 3483 510 3525 anno
534 3466 611 3527 1871
635 3464 775 3525 ordinati
789 3484 846 3545 per
869 3465 1048 3547 quinquen·

214 3545 304 3605 nium
320 3565 450 3606 examen
468 3544 631 3606 subibunt.
656 3549 724 3608 137.

174 3625 316 3687 Materiae
331 3626 485 3688 examinis
499 3625 598 3707 hujus
612 3625 845 3689 describuntur.
887 3628 972 3708 App.
987 3628 1045 3692 VI.
