2512 4260
422 290 537 336 runux
559 289 826 335 inanescamus
1082 273 1121 334 65

1056 432 1123 485 una

127 503 319 566 Ooununro
343 547 1034 566 ..................................
1084 504 1121 563 11

167 584 289 645 Fideles
314 582 354 644 ad
389 583 588 663 frequentem
625 582 893 645 Communionem
927 582 1041 644 adhor-

208 665 307 727 tandi.
333 667 381 725 41.

167 744 333 819 Quomodo
348 745 388 806 ad
402 745 546 806 infirmos
561 745 604 807 sit
624 743 794 806 deferenda
813 743 914 824 iisque
929 743 1040 806 minis·

206 827 328 887 tranda
354 830 403 899 45,
418 829 468 898 46,
483 829 531 889 47.
908 893 910 898 ,

166 906 343 968 Periculose
358 906 494 967 infirmis
507 909 612 987 potest
627 905 742 985 saepius
756 904 879 966 deterri.
901 909 950 966 45.
1034 921 1038 928 ·

165 988 241 1048 Non
263 988 423 1049 deferatur
448 986 692 1049 Sanctissimum
714 985 955 1048 Sacramentum
978 986 1041 1049 nisi

206 1088 242 1128 ex
258 1087 353 1130 causa
368 1068 485 1129 actuali
500 1073 533 1129 et
547 1067 683 1148 urgenti.
705 1070 753 1129 48.

167 1148 268 1229 Super
282 1160 392 1229 pectus
408 1168 529 1229 semper
542 1147 743 1228 gestandum.
766 1151 814 1208 46.

165 1230 305 1309 Tempus
322 1229 564 1291 communionis
580 1228 740 1290 Paschalis
764 1247 783 1289 a
807 1227 911 1307 prima
929 1227 1041 1289 Domi·

207 1311 279 1372 nica
291 1310 545 1390 Quadragesimae
555 1328 653 1390 usque
668 1309 708 1370 ad
723 1309 928 1370 Dominieam
944 1311 1041 1371 Sanc·

206 1392 337 1453 tissimae
353 1391 522 1452 Trinitatis
537 1390 728 1451 extenditur.
750 1393 799 1450 41.

166 1472 218 1533 Ad
232 1473 369 1552 primam
380 1471 647 1535 Oommunionem
661 1471 831 1552 diligenter
841 1471 1041 1551 praeparandi

207 1553 305 1632 pueri.
327 1557 375 1617 42.

168 1633 357 1695 Solemniter
371 1634 439 1695 haec
454 1633 548 1694 detur
558 1637 631 1713 post
645 1632 791 1693 triduum
804 1632 1037 1696 exercitiorum.

167 1795 220 1855 Ad
234 1814 304 1856 eam
319 1794 532 1855 admittantur
552 1794 649 1855 citius
662 1793 753 1873 pueri
767 1793 924 1856 morituri.
949 1797 998 1858 44.

128 1956 290 2018 Gourrax
321 2000 1036 2019 ....................................
1085 1958 1123 2018 18

169 2036 303 2110 Quando
318 2056 383 2098 non
398 2037 501 2098 valeat
515 2036 681 2098 absolvere.
704 2041 751 2098 65.

169 2117 286 2180 Casum
311 2124 504 2179 reservatum
525 2118 662 2179 incurrit
686 2117 741 2198 qui
763 2116 898 2179 absolvit
912 2117 1043 2198 compli-

208 2218 276 2260 cem
291 2199 325 2259 in
340 2202 468 2278 peccato
484 2199 580 2278 turpi.
603 2202 649 2261 65.

129 2360 302 2423 (loreum
325 2406 1037 2423 ....................................
1105 2362 1123 2421 1

170 2440 351 2503 Concilium
363 2440 547 2502 Plenarium
559 2440 789 2503 Baltimorense
804 2440 838 2503 II
853 2443 886 2502 et
901 2440 1045 2502 Concilio

209 2522 420 2583 Provincialia
448 2520 742 2583 Neo-Eboracensia
765 2521 801 2583 in
829 2522 890 2583 hac
917 2521 1045 2584 Dioccsi

208 2603 411 2682 promulgata
425 2602 636 2666 declarantur.
660 2606 688 2676 1,
704 2605 731 2663 2.

171 2682 313 2764 Singulis
327 2684 439 2825 saliim
454 2683 547 2744 annis
560 2682 732 2764 legendum
749 2682 930 2746 Concilium
945 2682 1045 2744 Balti·

210 2783 354 2827 morense
405 2809 412 2824 .
434 2767 461 2826 3.

131 2926 392 2989 concessimus
407 2972 1039 2990 ................................
1088 2927 1127 2986 16

169 3006 218 3069 Ut
233 3006 335 3067 valide
349 3012 491 3068 exerceat
512 3026 639 3082 munus,
654 3007 770 3070 habeat
790 3005 1046 3088 jurisdictionem

212 3105 335 3147 necesse
349 3093 396 3148 est
405 3107 414 3163 ;
437 3107 532 3167 quare
547 3107 625 3168 quas
646 3089 814 3151 facultates
828 3088 954 3169 habeat,
969 3107 1046 3169 quas

212 3185 275 3226 non
292 3167 406 3227 habeat
421 3169 574 3246 exquirat.
596 3172 644 3229 59.

173 3248 204 3304 Α
219 3245 342 3307 casibus
367 3248 532 3308 reservatis
552 3267 646 3308 nemo
660 3250 728 3311 sine
752 3249 881 3330 speciali
896 3247 1046 3329 Episcopi

213 3326 342 3387 licentia
357 3326 515 3387 absolvere
530 3327 622 3388 valet.
644 3332 692 3390 65.

175 3405 393 3467 Confessarius
427 3407 637 3469 confessiones
665 3408 812 3488 excipiat,
844 3413 919 3491 toga
954 3409 1047 3472 talari

214 3488 438 3568 superpelliceo
453 3492 484 3548 et
499 3489 579 3551 stola
593 3488 736 3551 indutus.
758 3493 806 3565 19,
822 3494 869 3553 61.

174 3568 297 3642 Quibus
311 3569 440 3631 dotibus
454 3574 586 3630 ornatus
601 3589 665 3632 esse
680 3569 800 3632 debeat.
823 3574 871 3634 58.

175 3651 368 3712 Libertatem
384 3649 585 3712 conscientias
600 3651 712 3713 foreat.
736 3654 783 3713 66.
