2512 4260
126 320 166 379 26
280 333 412 380 SYNODI
433 332 763 383 OGDENSBURGENSIS
784 337 799 382 1
820 338 978 385 STATUTA.

129 516 132 520 ’
170 505 222 568 89.
258 500 366 567 Liber
403 499 718 587 (laeremoniarum,
761 505 915 592 Anglice
953 507 1125 594 scriptus,

132 625 150 659 “
163 620 465 704 Ocremoaiolfor
481 621 540 689 tue
555 641 622 690 ure
638 623 682 708 of
693 622 752 690 tue
766 623 933 692 Oottolic
948 625 1128 693 onerosas

126 744 171 809 in
186 741 245 809 ae
271 741 407 810 Uaited
425 742 583 826 &luteast
611 762 634 808 a
649 741 821 810 Patribus
837 744 990 813 Ooncilii
1013 745 1126 812 Balti-

125 861 302 930 morensis
325 861 383 928 ΠΙ
406 856 636 948 praeparatus
660 866 695 930 et
717 865 891 951 rescripto
907 866 1126 952 Apostolico

126 1003 194 1071 pro
210 1003 282 1049 usu
299 982 463 1048 omnium
479 981 611 1048 harum
626 981 902 1050 Foederatarum
919 982 1128 1051 Provincia-

125 1123 208 1169 rum
237 1103 474 1189 approbatae,
510 1102 637 1169 sedulo
669 1103 878 1190 sequendus
908 1108 972 1172 est.
1034 1104 1125 1172 Ideo

127 1223 337 1289 Sacerdotes
358 1222 515 1290 Nostros
537 1244 728 1292 monemus
751 1229 794 1293 ut
815 1225 917 1293 illius
939 1229 1129 1315 exemplar

126 1342 228 1430 apud
244 1363 282 1409 se
297 1342 485 1427 retineant,
505 1343 612 1431 eique
635 1344 673 1411 in
696 1345 827 1413 ritibus
843 1346 955 1414 sacris
970 1347 1128 1415 fideliter

126 1464 348 1532 adhaereant.
783 1442 785 1446 ι

169 1655 222 1718 99.
250 1649 381 1717 Omnia
407 1670 475 1737 pro
501 1650 683 1717 Sacrificio
708 1651 775 1718 rite
802 1651 1016 1719 celebrando
1044 1659 1127 1739 pro-

125 1774 251 1839 curent
266 1771 335 1839 sibi
350 1769 530 1838 Pastores.
566 1771 708 1837 Munda
725 1771 796 1838 sint
811 1775 1023 1839 ornamenta
1040 1774 1128 1839 alta-

124 1893 231 1974 rium,
256 1895 374 1959 vestes
399 1891 640 1958 sacerdotales
667 1895 703 1958 et
729 1912 831 1959 sacra
855 1913 952 1960 vasa.
1000 1893 1128 1981 Supel-

126 2012 188 2078 lex
205 2029 353 2098 qnoque
377 2028 478 2077 sacra
500 2008 678 2076 munditie
700 2012 811 2096 atque
835 2011 961 2077 ordine
978 2011 1025 2078 sit
1040 2031 1122 2077 con-

128 2132 265 2219 spicua.
315 2128 426 2196 Pueri
441 2129 480 2194 in
496 2128 752 2216 acolythorum
767 2150 917 2196 munere
932 2130 1127 2217 diligenter

127 2252 366 2334 instruantur,
394 2250 460 2337 qui
485 2249 590 2316 altari
618 2270 702 2316 cum
728 2249 967 2316 aedificatione
993 2252 1127 2337 populi

127 2371 341 2455 deserviant,
361 2373 395 2437 et
417 2390 557 2457 semper
571 2372 668 2436 veste
683 2369 789 2436 talari
804 2389 846 2436 ac
862 2369 1128 2456 superpelliceo

126 2492 250 2561 induti
273 2490 397 2558 Missis
419 2489 665 2576 Vesperisque
692 2490 752 2577 pie
782 2488 958 2556 intersint.
1020 2488 1125 2559 Corte.

127 2619 237 2688 Pleu.
254 2637 291 2686 a.
308 2620 381 2684 369.
432 2616 522 2704 Spa.
539 2614 621 2683 Alb..
639 2614 694 2680 II.

170 2843 223 2906 91.
247 2838 297 2907 Ut
318 2837 445 2904 fideles
467 2834 632 2903 exactius
655 2854 697 2900 ac
720 2831 893 2900 libentius
913 2830 1058 2898 Divinis
1074 2832 1127 2900 in-

126 2961 255 3030 tersint
271 2958 408 3042 officiis,
428 2957 508 3024 haec
524 2955 646 3023 omnia
668 2954 760 3021 hora
780 2955 926 3037 statuta,
946 2971 1014 3039 pro
1030 2953 1127 3019 loco-

126 3102 209 3149 rum
232 3079 418 3167 adJ’unctis
441 3079 659 3164 opportuna,
680 3094 796 3162 eaque
816 3073 980 3161 praecisa,
1001 3073 1126 3142 incho-

126 3207 242 3286 entur,
262 3221 328 3268 neo
348 3200 490 3268 diutius
512 3219 559 3266 ex
583 3200 810 3285 praepostera
833 3195 965 3284 pietate
986 3199 1127 3282 protra-

126 3326 271 3394 hantur.
322 3324 427 3392 donc.
443 3321 554 3390 Pico.
570 3341 608 3390 a.
628 3324 701 3388 363.

170 3553 222 3618 92.
250 3546 467 3618 Celebrandi
488 3545 546 3614 bis
564 3544 603 3611 in
619 3541 745 3611 eodem
762 3540 821 3609 die
836 3539 992 3606 facultas
1008 3539 1064 3605 est
1078 3539 1127 3606 ab

126 3673 309 3762 Episcopo
321 3667 488 3757 petenda,
504 3666 589 3734 etin
600 3665 647 3733 iis
659 3663 807 3752 quidem
820 3663 962 3730 tantum
979 3659 1127 3728 casibus
