2512 4260
172 298 215 358 34
327 312 458 357 SYNODI
479 311 809 358 OGDENSBURGENSIS
830 313 844 357 Ι
865 312 1024 359 STATUTA.

174 479 322 546 minime
338 479 548 547 extenditur
562 480 611 546 ad
626 500 688 548 eos
703 479 769 568 qui
785 501 822 548 se
837 481 938 568 ipsos
961 481 1173 550 occiderunt

174 621 221 668 ex
236 600 387 667 insania.

217 723 259 788 3⁰.
276 720 521 789 Pereuntibus
547 721 682 806 duello,
702 721 867 790 dederint
893 723 951 789 vel
975 743 1048 790 non
1065 723 1172 790 dede-

173 840 248 908 rint
261 841 520 928 resipiscentiae
535 841 680 910 iudicia.
765 864 768 868 ³
891 921 895 929 ,

218 964 260 1030 4⁰.
277 963 481 1031 Manifestis
504 966 540 1030 et
562 963 721 1051 publicis
744 965 996 1051 peccatoribus
1019 965 1085 1053 qui
1108 965 1172 1031 im·

172 1085 394 1172 prenitentes
409 1084 519 1152 vitam
537 1086 756 1152 clauserunt.
808 1085 910 1152 Coae.
921 1085 1029 1154 Pleu.
1042 1105 1080 1154 n.
1097 1090 1172 1153 389.

220 1273 292 1337 120.
317 1269 473 1350 Quando
489 1269 527 1336 in
543 1270 729 1357 praedictis
753 1270 898 1338 casibus
925 1272 1083 1339 occurrit
1109 1272 1175 1339 du-

175 1394 289 1475 bium,
317 1394 539 1478 consulatur,
568 1393 599 1461 si
621 1393 660 1460 id
686 1393 764 1460 fieri
789 1393 915 1481 possit,
946 1393 1174 1461 Ordinarius.

67 1571 69 1575 ,
175 1513 288 1580 Socus
303 1512 341 1579 in
356 1515 496 1599 partem
513 1511 672 1578 lenitatis
695 1510 819 1598 potius
840 1514 896 1579 est
909 1511 1173 1578 inclinandum.

173 1635 204 1702 I
206 1634 281 1701 aad.

221 1788 295 1852 121.
319 1784 476 1852 Omnino
499 1805 680 1872 pauperes
695 1784 808 1872 gratis
822 1804 974 1872 prorsus
996 1784 1175 1871 sepelian-

173 1908 246 1974 tur.
299 1905 400 1973 Oooc.
418 1905 527 1973 Pleu.
543 1926 580 1974 a.
597 1908 669 1972 393.

531 2188 691 2258 CAPUT
713 2188 816 2258 XVI.

414 2359 467 2407 nn
488 2357 603 2407 eorus
625 2356 942 2407 nccnns1ssr1c1s.

220 2496 294 2560 122.
318 2492 543 2562 Universalis
557 2491 730 2559 Ecclesiae
745 2511 901 2559 canones
915 2493 1040 2558 vetant
1054 2511 1100 2558 ne
1116 2512 1179 2559 110·

175 2640 264 2688 vum
276 2619 455 2707 templum
469 2621 600 2686 temere
612 2619 669 2684 vel
685 2618 824 2704 absque
835 2616 1009 2704 Episcopi
1023 2617 1180 2684 auctori-

175 2743 251 2808 tate
263 2740 432 2826 erigatur.
463 2738 552 2805 ideo
562 2737 696 2805 nemini
706 2738 813 2804 licere
822 2737 1049 2805 declaramus
1059 2737 1097 2803 in
1107 2736 1178 2805 hac

178 2863 338 2931 Dioecesi
353 2863 399 2931 de
414 2883 509 2929 nova
525 2862 741 2930 aedificanda
756 2862 905 2929 ecclesia
919 2866 985 2928 aut
995 2861 1041 2930 de
1056 2865 1178 2930 vetere

175 2987 283 3054 novis
299 2985 560 3053 structionibus
582 2984 840 3071 amplificanda
859 2987 1016 3052 statuere
1031 2984 1178 3072 aliquid

176 3108 234 3174 vel
264 3105 384 3174 moliri
413 3106 552 3193 absque
588 3105 763 3172 facultate
796 3104 933 3172 Nostra
962 3104 1001 3172 in
1031 3105 1178 3193 scriptis

174 3229 310 3297 habia.
356 3227 445 3315 spa.
461 3227 543 3294 Ara.
556 3227 612 3294 rr.

220 3403 293 3467 123.
318 3399 412 3468 Oum
437 3402 560 3466 autem
586 3419 659 3465 non
686 3417 767 3465 raro
791 3397 963 3464 acciderit
985 3401 1028 3465 ut
1049 3399 1178 3485 gravia

176 3525 258 3589 orta
280 3521 352 3588 sint
373 3520 470 3587 mala
485 3524 636 3608 propter
651 3518 774 3587 debita
787 3539 810 3586 a
826 3520 1084 3588 Sacerdotibus
1101 3521 1177 3589 sive

176 3642 215 3710 in
232 3642 457 3712 aedificandis
480 3642 555 3710 sive
577 3642 616 3709 in
639 3642 905 3729 amplificandis
920 3647 986 3710 aut
1001 3642 1185 3740 ornandis·
