2512 4260
286 332 432 380 urruns
454 332 495 377 nr
514 329 715 377 nonnarum
736 330 965 380 cnrmconuu.
1088 318 1128 377 39

329 554 332 561 Ι
465 552 629 681 CAPUT
651 609 794 680 XVIH.

151 789 205 838 Du
228 786 531 838 OOLLATIONIBUS
554 786 602 835 ΕΤ
624 784 869 835 EXAMINIBUS
894 785 1109 835 EOGLESIAS·

572 887 681 937 TIOIS.

174 1034 247 1098 136.
272 1029 323 1098 Ut
349 1027 472 1097 studio
495 1028 669 1096 stimulus
691 1047 765 1094 uon
789 1026 893 1110 desit,
914 1026 1127 1096 collationes

130 1155 176 1223 de
192 1153 339 1222 casibus
354 1151 554 1221 moralibus
569 1150 664 1218 etde
679 1150 762 1217 aliis
779 1149 936 1217 materiis
951 1149 1127 1236 theologi·

129 1275 182 1343 cis
196 1272 451 1361 liturgicisque
467 1271 578 1340 semel
594 1272 721 1339 saltem
737 1271 776 1336 in
787 1290 884 1338 auno
895 1272 941 1337 ab
958 1271 1129 1338 omnibns

130 1397 387 1467 Sacerdotibus
401 1396 645 1464 habebuntur.

176 1557 249 1620 137.
273 1551 347 1620 Pro
363 1551 442 1620 istis
464 1544 640 1639 praeterea
662 1551 728 1638 qui
750 1552 796 1618 ab
819 1552 996 1618 erectione
1014 1551 1129 1639 hujus

129 1673 374 1761 Episcopatus
386 1673 575 1741 ordinibus
588 1672 700 1740 sacris
712 1673 844 1738 initiati
856 1672 1016 1753 fuerunt,
1026 1676 1129 1759 quot·

127 1793 234 1861 aunis
264 1814 330 1880 per
359 1792 652 1881 quinquennium
690 1791 929 1858 inst‘tuentur
958 1792 1129 1859 examina

129 1936 287 2004 quornm
317 1916 468 1984 materia
493 1915 707 2002 tempestive
747 1914 978 1981 iudicabitur.
1037 1915 1128 1983 Vide

128 2037 299 2122 Appecd.
321 2036 382 2105 VI.

482 2253 643 2322 CAPUT
666 2253 773 2320 XIX.

242 2432 295 2480 Du
316 2430 411 2480 VITA
434 2430 482 2478 ΕΤ
504 2429 735 2478 HONESTATE
758 2427 1018 2478 OLERIGORUM.

170 2575 244 2638 138.
272 2570 411 2637 “Nihil
437 2569 531 2653 est‚”
561 2570 613 2635 ait
640 2567 846 2637 Concilium
873 2566 1127 2634 Tridentinum

126 2694 235 2781 (Sess.
253 2693 379 2777 XXII,
402 2693 448 2761 de
471 2693 639 2779 reform),
665 2689 801 2778 “qnod
825 2689 918 2755 alios
941 2688 1056 2776 magis
1081 2690 1129 2757 ad

79 2891 84 2900 ,
127 2817 298 2906 pietatem
326 2820 362 2884 et
388 2816 457 2883 Dei
484 2816 626 2883 cultum
656 2814 803 2880 assidue
828 2813 995 2893 instruat,
1016 2832 1126 2899 quam

127 2959 253 3007 eorum
269 2939 344 3006 vita
359 2943 395 3006 et
409 2940 631 3026 exemplum,
652 2937 719 3025 qui
735 2957 772 3004 se
788 2937 913 3003 divino
928 2935 1128 3002 ministerio

127 3058 373 3126 dedicarunt.”
412 3059 644 3126 Sanctitatem
657 3059 769 3144 igitur
785 3061 966 3124 sectentur
977 3055 1046 3122 Dei
1067 3055 1129 3120 mi-

127 3177 242 3260 nistri,
259 3184 295 3245 et
320 3178 437 3245 forma
451 3179 539 3245 facti
554 3178 673 3265 gregis
689 3199 737 3245 ex
762 3178 895 3255 auimo,
915 3175 1128 3260 exemplum

128 3298 202 3366 sint
215 3298 380 3366 fidelium
405 3298 443 3365 iu
465 3299 585 3381 verb0‚
606 3299 645 3364 in
660 3296 941 3378 conversatione,
962 3295 999 3360 in
1016 3294 1129 3361 chari·

127 3421 212 3501 tate,
227 3419 267 3486 iu
290 3419 372 3502 fide,
392 3419 430 3485 in
455 3419 644 3499 castitate3
680 3419 753 3485 sint
778 3417 898 3497 sobrii,
915 3415 1125 3501 prudentes,

129 3543 257 3636 ornati,
288 3543 426 3631 pudici
464 3542 644 3625 modesti;
684 3538 993 3607 condensatiouem
1025 3559 1129 3606 suam

129 3663 223 3730 iuter
247 3667 373 3752 gentes
398 3665 571 3733 habentes
599 3666 742 3746 bonam,
770 3665 813 3729 ut
837 3663 926 3729 bene
957 3660 1129 3729 facientes
