2512 4260
476 338 520 382 nn
542 336 718 382 sarrrsnm.
1073 318 1091 375 9

95 477 142 577 ob
159 509 297 576 itineris
311 506 576 594 longitudinem
592 505 649 572 vel
666 488 914 571 difficultatem
934 499 1092 589 parenti·

95 635 167 701 bus
193 638 229 700 et
254 631 408 720 patrinis
432 630 540 696 nimis
565 649 675 716 grave
701 627 794 694 foret
818 625 1018 692 infantulos
1044 621 1094 689 ad

96 752 283 820 ecclesiam
313 748 452 816 deferre
480 745 730 835 baptizandos.
790 743 894 811 Ooac.
919 741 1027 809 Pteo.
1054 759 1093 808 a.

96 877 172 939 237.

141 1060 193 1123 32.
222 1054 442 1122 Conceditur
463 1053 570 1120 etiam
594 1056 637 1120 ut
652 1052 863 1139 Baptismus
888 1050 1096 1118 solemniter

108 1175 383 1243 administretur
406 1175 443 1240 in
471 1173 613 1240 aedibus
645 1171 849 1239 Sacerdotis
874 1168 1023 1257 quando
1048 1189 1096 1235 ex

99 1299 233 1365 collato
257 1297 296 1362 in
319 1295 470 1363 ecclesia
493 1295 681 1382 Baptismo
705 1314 838 1381 magna
861 1296 1098 1380 sequerentur

98 1417 329 1485 incommoda
351 1417 426 1484 sive
448 1416 521 1503 ipsi
546 1416 740 1499 Sacerdoti,
765 1416 839 1482 sive
862 1414 958 1502 proli
979 1413 1098 1501 bapti·

100 1537 234 1603 zandae.

147 1738 197 1800 33.
221 1734 278 1802 Ne
294 1757 341 1802 ex
356 1735 516 1823 alicujus
531 1736 693 1815 avaritia,
707 1737 894 1803 occasione
909 1735 1098 1823 Baptismi,

103 1855 382 1923 introducantur
404 1858 554 1940 abusus,
575 1862 610 1923 et
635 1878 680 1924 ne
709 1857 979 1924 Sacramentum
1007 1858 1099 1924 adeo

102 1977 344 2042 necessarium
357 1976 516 2062 cuipiam
530 1977 609 2042 dari
618 1976 834 2064 negligatur,
846 1977 972 2043 nullus
984 1977 1100 2043 Sacer-

102 2095 170 2162 dos
194 2096 383 2182 pactiones
407 2096 452 2164 de
483 2098 739 2179 oblationibus,
768 2097 874 2163 etiam
911 2097 1095 2181 indirecte,

101 2221 185 2283 ante
212 2216 443 2304 Baptismum
470 2221 661 2306 proponat.
716 2217 894 2287 Vetamus
924 2220 1044 2304 igitur,
1064 2223 1101 2285 et

103 2338 172 2403 sub
188 2355 297 2422 poena
313 2337 460 2423 quidem
478 2338 737 2424 suspensionis,
759 2359 803 2404 ne
822 2338 996 2404 infantem
1012 2339 1099 2425 bap-

103 2459 209 2523 tizare
225 2468 364 2525 recuset
380 2460 448 2525 sub
466 2461 648 2545 praetextu
664 2458 829 2525 defectus
851 2464 917 2526 aut
940 2460 1100 2525 subtrac-

103 2581 213 2647 tionis
236 2581 471 2648 oblationum.
520 2582 573 2647 Ea
598 2602 681 2647 vero
709 2601 794 2668 quae
819 2587 902 2668 post
926 2583 1099 2649 collatum

104 2703 293 2789 Baptisma
308 2723 330 2768 a
346 2702 515 2769 fidelibus
532 2702 743 2783 offeruntur,
758 2702 942 2786 Sacerdos,
957 2702 986 2769 si
1003 2703 1100 2786 velit,

103 2827 268 2913 accipiat.
315 2827 391 2910 ΨΥ.
411 2847 448 2894 o.
465 2828 517 2892 15.

148 3035 199 3098 34.
226 3031 376 3115 ratuni,
397 3052 554 3119 quorum
585 3054 684 3100 unus
713 3033 771 3098 vel
801 3053 877 3099 una
906 3033 1033 3099 saltem
1062 3033 1102 3098 in

105 3153 295 3238 Baptismo
320 3153 471 3220 solemni
495 3156 563 3221 sub
586 3155 689 3240 gravi
711 3155 874 3220 adhiberi
898 3154 1012 3234 debet,
1030 3153 1102 3220 sint

105 3274 234 3361 quales
248 3273 409 3340 Ecclesia
431 3274 592 3361 requirit.
639 3274 699 3341 Ad
726 3274 794 3340 hoc
819 3278 939 3340 autem
967 3293 1102 3340 munus

105 3421 153 3467 ex
169 3399 324 3467 Ritualis
336 3400 442 3466 etiam
460 3398 681 3486 praescripto,
698 3399 912 3466 admittendi
928 3420 1001 3465 non
1017 3403 1103 3466 sunt

105 3521 271 3589 infideles
293 3523 359 3586 aut
381 3519 540 3586 haeretici
564 3523 629 3586 aut
651 3520 798 3606 publice
825 3520 1008 3587 criminosi
1035 3524 1101 3588 aut

106 3641 171 3729 qui
187 3641 272 3706 fidei
288 3639 493 3707 rudimenta
508 3640 683 3727 ignorant.
734 3640 836 3707 Oouc.
851 3640 957 3707 Pleu.
973 3660 1010 3708 m.
1027 3643 1102 3707 231.
