2512 4260
129 319 169 376 24
284 331 415 378 SYNODI
437 330 766 378 OGDENSBURGENSIS
787 333 802 378 I
824 333 982 380 STATUTA.

171 502 212 565 4⁰.
230 500 279 568 Ut
294 501 346 567 sic
361 502 539 568 nubentes
555 521 629 568 non
646 502 720 568 sint
735 502 941 569 ministrum
957 505 1132 573 acatholi-

128 641 213 688 cum
228 620 374 703 adituri,
388 621 535 688 foederis
551 622 829 690 matrimonialis
844 624 999 692 iterandi
1010 646 1133 695 causa.

130 741 234 808 Ocno.
256 740 360 808 Plan.
377 759 442 808 nn.
460 745 533 824 334,
554 745 628 808 338.

170 935 223 997 82.
251 931 483 997 Meminerint
520 930 671 1018 insuper
710 932 921 1002 Sacerdotes
962 935 1134 1022 pluribus

130 1051 364 1117 Summorum
394 1048 615 1117 Pontificum
639 1049 792 1118 decretis
821 1052 935 1119 vetari
960 1073 1005 1120 ne
1031 1055 1134 1123 ullus

126 1191 227 1236 sacer
248 1170 341 1236 ritus
363 1169 437 1251 fiat,
457 1169 515 1234 vel
538 1169 648 1236 vestis
672 1190 775 1237 sacra
790 1171 1018 1257 adhibeatur,
1042 1173 1133 1241 dum

127 1292 265 1358 foedera
291 1290 509 1377 hujusmodi
535 1291 718 1375 ineuntur,
739 1312 824 1379 quae
846 1315 892 1361 ne
918 1293 956 1360 in
983 1295 1135 1364 ecclesia

127 1413 278 1506 quidem
294 1412 570 1517 ineundasunt.
619 1413 648 1478 I
650 1412 726 1481 did.

171 1587 223 1649 83.
248 1582 420 1648 Districte
436 1583 545 1649 etiam
560 1582 800 1670 prohibemus
817 1605 862 1651 ne
878 1584 1057 1654 Catholici
1080 1588 1133 1655 in-

126 1706 183 1769 tra
212 1701 327 1788 hujus
358 1700 565 1767 Dioeceseos
607 1700 740 1768 limites
770 1701 1044 1769 Matrimonium
1077 1705 1135 1772 vel
1180 1687 1184 1698 ¹

126 1822 220 1888 inter
233 1841 280 1903 se,
289 1821 347 1887 vel
359 1841 442 1886 cum
455 1820 667 1889 acatholicis
682 1841 803 1887 coram
816 1821 1047 1908 praeconibus
1063 1845 1136 1892 sec

129 1946 262 2024 tarum,
278 1941 355 2007 ullo
371 1942 408 2006 in
432 1961 552 2007 rerum
569 1943 712 2024 eventu,
732 1944 942 2010 contrahere
957 1945 1130 2014 audeant.

128 2060 236 2141 Quod
265 2061 296 2128 si
321 2060 480 2143 fecerint,
499 2060 666 2126 noverint
688 2081 735 2145 se,
755 2061 836 2148 ipso
862 2062 970 2145 facto,
990 2084 1134 2132 excom·

128 2167 365 2247 municationi
388 2180 425 2245 N
428 2181 506 2246 obis
522 2184 713 2247 reservatae
729 2181 925 2269 subjacere.

171 2355 224 2416 84.
250 2350 326 2417 Sub
341 2349 445 2438 gravi
459 2352 626 2416 vetamus
642 2369 688 2416 ne
700 2350 784 2437 quis
796 2351 946 2419 alterius
959 2351 1134 2437 Pastoris,

128 2472 243 2557 hujus
271 2491 344 2537 non
384 2470 531 2536 obtenta
560 2469 715 2553 licentia,
746 2470 872 2538 fideles
899 2470 1134 2547 Matrimonio

128 2593 335 2679 conjungat.
383 2590 460 2674 er.
476 2609 512 2657 n.
531 2594 582 2656 17.

171 2748 222 2811 85.
248 2745 376 2812 Omnis
399 2765 468 2832 pro
499 2742 836 2830 dispensationibus
870 2744 1069 2832 applicatio
1093 2746 1134 2815 in

127 2866 272 2952 scriptis
288 2886 310 2931 a
327 2865 519 2932 Sacerdote
535 2864 613 2930 fieri
629 2864 744 2948 debet,
765 2864 832 2951 qui
847 2865 957 2932 simul
973 2867 1134 2936 rationes

127 2987 330 3068 canonicas,
348 2986 394 3052 ob
410 2991 503 3073 quas
526 2985 663 3071 petitur
678 2984 860 3070 ejusmodi
883 2985 975 3073 legis
989 2988 1133 3056 relaxa·

125 3108 188 3190 tio,
208 3106 405 3173 exhibebit.
452 3106 540 3192 Syn.
558 3104 640 3171 Ale.
655 3105 709 3170 II.

169 3287 221 3349 86.
238 3281 536 3369 Dispensationes
548 3300 672 3348 omnes
684 3301 752 3367 per
764 3279 1027 3350 Oaucellarium
1038 3284 1132 3354 Nos·

126 3405 223 3468 trum
250 3405 336 3468 sunt
362 3400 540 3487 petendae,
560 3402 596 3467 et
622 3420 755 3484 omnes,
776 3419 861 3487 quae
881 3403 1036 3471 obtentae
1052 3405 1131 3472 fue·

126 3522 207 3603 rint,
227 3522 265 3585 in
291 3520 386 3586 libro
413 3514 731 3587 Matrimouiorum
762 3521 992 3590 adnotandae.
1037 3523 1128 3612 Spa.

127 3640 209 3706 Alo.
227 3641 281 3708 II.
