2512 4260
186 313 225 377 70
482 329 596 375 innan
617 328 886 375 nnrnnanrrcus.

227 491 288 553 Lin
336 492 544 553 avennacula
568 511 630 553 non
657 495 827 553 cantentur
849 491 991 552 carmina
1014 491 1101 554 infra
1123 465 1182 512 M

304 572 438 633 issarum
461 572 613 633 solemnia
627 573 676 632 vel
692 572 850 650 Vesperas.
873 575 940 632 101.

227 651 265 713 Id
276 652 351 714 licet
366 652 497 714 anteve]
508 659 581 731 post
594 652 776 714 functiones
787 652 1018 715 ecclesiasticas.
1033 656 1102 714 101.

185 813 750 975 mitissimusinu
763 859 1102 974 trutissant
1142 819 1185 878 ‘²⁰

264 994 372 1055 parere
391 974 522 1055 possint.
545 978 612 1037 140.

226 1055 325 1116 Ludis
340 1055 469 1117 scenicis
484 1075 523 1116 ne
537 1055 694 1116 intersint.
718 1058 785 1115 140.

184 1215 440 1278 Mnsnsnrsnus
462 1262 1092 1280 ................................
1162 1221 1181 1283 3

225 1298 276 1357 Ab
292 1299 359 1377 ejus
373 1297 524 1358 abusibus
539 1301 738 1359 removeatur
752 1297 897 1378 populus.
922 1300 948 1357 9.
1052 1318 1054 1323 ’

184 1456 367 1520 Msuuinn
383 1457 682 1519 Onanuoniasuu
703 1504 1093 1521 ...................
1142 1463 1180 1521 26

226 1537 340 1600 Stricta
355 1538 560 1618 sequendum.
583 1542 629 1599 80.

226 1617 395 1697 speciatim
412 1619 445 1680 id
460 1619 676 1699 praescribitur
698 1638 755 1699 pro
779 1618 989 1698 Expositione
1004 1619 1099 1682 Sanc·

266 1699 381 1761 tissimi
396 1699 600 1762 Sacramenti.
622 1704 669 1762 54.

183 1857 306 1921 Mami
322 1861 436 1922 V1aa0
460 1908 1091 1924 ................................
1140 1865 1180 1925 78

225 1939 299 2002 Sine
309 1941 378 2003 labe
392 1945 545 2020 concepta
559 1941 622 2002 fuit
636 1941 734 2003 electa
745 1942 779 2002 in
790 1942 961 2003 Patronam
974 1941 1099 2004 Foeder-

264 2030 390 2083 atorum
406 2022 565 2097 Statuum,
580 2028 611 2083 et
633 2022 848 2102 proclamatur
869 2022 1013 2102 specialis
1038 2022 1098 2085 Pa·

262 2109 355 2164 trona
370 2103 553 2164 Dioeceseos.
576 2106 643 2163 102.

222 2182 303 2264 Ejus
338 2185 455 2245 festum
494 2183 750 2244 Praesentaticnis
786 2183 994 2245 constituitur
1029 2183 1097 2246 dies

263 2264 406 2342 specialis
417 2264 594 2325 devotionis
606 2283 662 2344 pro
674 2264 802 2325 civitate
813 2264 1098 2345 Ogdensburgsnsi.

221 2424 363 2487 Ecclesia
386 2425 418 2486 in
443 2425 512 2506 ejus
534 2425 687 2487 honorem
711 2424 765 2487 hic
779 2428 882 2487 erecta
896 2425 935 2486 A.
951 2424 991 2486 D.
1008 2428 1096 2489 1749.

180 2636 444 2700 Muraiucnruu
458 2685 1090 2701 ................................
1139 2640 1178 2700 21

222 2719 456 2799 Nupturieutes
471 2719 511 2780 ad
526 2720 587 2780 hcc
598 2719 840 2780 Sacramentum
852 2721 930 2781 bene
943 2724 1099 2799 parentur

261 2800 464 2880 potissimum
489 2819 544 2880 per
570 2799 808 2862 Confessicnem
830 2803 863 2861 et
891 2799 1097 2861 Communic-

262 2900 344 2941 nem.
367 2884 413 2943 73.

221 2960 380 3021 cheatur
392 2960 498 3040 praxis
520 2981 555 3021 ea
574 2961 658 3022 infra
673 2961 803 3022 Missam
825 2960 1032 3022 benedicendi
1046 2960 1096 3022 vel

262 3041 435 3102 comitante
450 3041 547 3103 Missa
561 3041 748 3102 celebrandi.
771 3045 819 3105 74.

223 3120 341 3184 Saltem
357 3141 449 3183 mane
464 3122 673 3183 contrahatur·
688 3123 721 3183 in
735 3121 871 3183 ecclesia.
895 3125 943 3186 75.

222 3202 438 3263 Examinandi
460 3203 683 3282 nupturientes
711 3203 794 3264 circa
820 3201 984 3282 possibilia
1011 3202 1096 3265 inter

262 3302 313 3344 ecs
328 3284 564 3363 impedimenta
589 3287 637 3346 76.

222 3364 288 3425 Pro
302 3364 453 3440 Bauius,
471 3365 539 3426 cide
554 3364 696 3424 Barrus.

221 3444 480 3584 Dispensgticnes
493 3464 550 3524 prc
565 3444 771 3505 Matrimonio
790 3463 845 3525 per
861 3443 1095 3506 cancellarium

261 3529 481 3603 mmm&

221 3604 368 3747 Obggntae
383 3605 631 3684 dispensationes
645 3605 770 3666 suntin
786 3605 916 3686 regestis
930 3604 1089 3666 notanda.
