2512 4260
134 321 152 378 8
289 334 419 380 SYNODI
441 335 770 383 OGDENSBURGENSIS
791 337 805 381 I
827 338 984 384 emm.

173 504 224 568 27.
249 501 448 571 Censemus
463 503 620 571 infantes
635 505 931 589 acatholicorum,
948 526 1043 593 quos
1059 508 1133 596 ipsi

129 625 296 709 parentes
321 622 487 706 offerunt,
503 625 739 712 baptizandos
758 647 844 709 esse,
865 627 1009 713 quoties
1024 628 1130 696 afful-

7 814 11 819 ,
128 744 189 828 get
205 762 288 829 spes
298 742 486 811 catholicae
501 764 626 811 eorum
642 745 875 813 educationis.
915 748 1131 815 Curandum

50 860 53 866 ’
127 866 250 930 autem
274 863 421 929 omnino
444 866 532 930 tunc
555 867 610 931 est
631 868 674 931 ut
696 865 863 953 patrinus
884 867 942 934 vel
962 869 1130 951 matrina,

128 986 228 1073 iique
243 986 422 1070 catholici,
438 986 649 1054 habeantur.
704 987 805 1056 Ocno.
826 988 935 1057 Paeo.
952 1009 989 1057 n.
1006 992 1081 1058 229.

170 1186 223 1249 28.
252 1182 459 1248 Meminerit
476 1185 597 1249 tamen
620 1181 795 1249 Sacerdos
816 1182 854 1248 in
880 1183 1006 1249 mortis
1030 1183 1124 1271 peri-

128 1304 222 1385 culn,
240 1305 544 1391 quotiescumque
560 1302 700 1370 occasio
718 1324 755 1370 se
779 1303 961 1387 obtulerit,
975 1304 1128 1391 quosvis

126 1419 283 1486 infantes
301 1420 477 1507 baptizari
499 1441 572 1488 non
589 1421 708 1489 solum
723 1442 841 1509 posse,
863 1422 1049 1490 sedetiam
1066 1421 1127 1489 de-

127 1541 220 1608 bere.
265 1540 365 1607 Ibid.

101 1800 107 1811 .
171 1731 223 1795 29.
251 1729 295 1795 In
311 1748 535 1816 unaquaque
552 1729 711 1812 ecclesia,
731 1728 795 1796 ubi
811 1730 991 1817 Baptismi
1007 1730 1128 1798 Sacra

126 1856 288 1919 mentum
312 1851 493 1918 ordinarie
515 1851 751 1933 ministratur,
771 1851 908 1917 fontem
930 1851 1128 1938 baptisma·

126 1972 198 2040 lem
226 1974 295 2040 sub
320 1972 496 2060 operculo
530 1976 566 2039 et
596 1992 683 2054 sera,
716 1973 746 2039 si
783 1971 946 2039 nondum
977 1973 1122 2059 existat,

126 2094 400 2182 quamprimum
415 2093 625 2180 erigendum
643 2093 838 2160 statuimus
854 2115 862 2176 3
887 2114 1003 2180 prope
1015 2114 1126 2181 quem

126 2216 234 2283 etiam
251 2216 373 2282 omnia
388 2233 473 2301 quae
495 2213 544 2280 ad
564 2213 678 2301 hujus
703 2214 923 2281 Sacramenti
945 2214 1125 2282 ministra·

126 2335 259 2402 tionem
275 2335 465 2423 pertinent,
482 2334 595 2401 nitide
612 2337 808 2401 serventur.
849 2333 951 2402 Oonc.
964 2334 1071 2401 Pleu.
1086 2356 1124 2402 n.

126 2464 198 2528 234.

168 2636 220 2698 30.
245 2631 403 2698 Privatis
418 2632 456 2697 in
472 2630 625 2713 aedibus‚
640 2629 711 2696 nisi
726 2633 876 2716 urgente
891 2630 993 2716 gravi
1008 2650 1126 2698 neces·

126 2754 240 2840 sitatis,
261 2754 490 2841 Baptismum
506 2753 758 2819 administrare
778 2751 1024 2839 prohibemus.
1070 2752 1127 2818 Li·

125 2880 204 2943 ceat
232 2876 271 2942 id
301 2880 430 2958 tamen,
461 2875 619 2941 instante
653 2873 828 2961 periculo,
854 2873 922 2940 hoc
948 2877 1056 2961 pacto
1083 2878 1126 2942 ut

124 3000 339 3087 baptizatus,
351 2998 381 3065 si
397 2996 649 3085 supervixerit,
661 2996 933 3083 quamprimum
949 2997 1026 3063 fieri
1041 3018 1124 3085 pos·

126 3120 181 3200 sit,
201 3119 248 3185 ad
272 3118 461 3186 ecclesiam
485 3116 677 3198 deferatur,
698 3116 762 3182 ubi
786 3116 1009 3183 caeremoniae
1030 3116 1124 3205 Bap-

123 3240 232 3323 tismi,
260 3259 345 3326 quae
368 3238 510 3305 omissae
534 3236 689 3319 fuerant,
714 3237 967 3323 suppleantur.
1018 3237 1123 3305 Ocno.

124 3361 233 3428 Pleu.
253 3380 290 3428 n.
304 3362 378 3427 238.

167 3546 219 3609 31.
247 3541 385 3608 Licebit
409 3540 553 3628 pariter,
574 3543 610 3607 et
637 3538 786 3627 quidem
814 3539 1029 3621 solemniter,
1052 3539 1123 3608 hoc

125 3662 395 3728 Sacramentum
412 3659 574 3726 conferre
585 3658 623 3723 in
639 3657 783 3724 aedibus
798 3657 958 3744 privatis,
970 3657 1122 3743 quando
