2512 4260
222 359 268 405 nn
289 358 512 406 snuorrssuro
533 359 760 405 snesannrro
782 359 1033 407 nuensnrsrrm.
1089 351 1126 409 13

130 529 162 599 si
191 527 338 616 ipsimet
374 530 592 614 aegrotantes
629 527 809 594 coelestem
851 528 957 595 illum
995 550 1126 617 panem

129 651 293 720 esuriant
308 675 317 735 3
341 651 404 718 sed
420 651 530 717 alicui
545 651 593 717 ad
609 651 838 718 adorandum
859 654 977 720 solum
993 657 1058 721 aut
1079 655 1127 721 ad

128 772 462 859 contemplandum,
484 792 548 838 seu
572 771 772 841 devotionis
796 795 859 840 seu
883 775 1046 860 cujusvis
1075 776 1128 841 rei

127 897 322 984 praetextu,
350 913 424 959 non
449 892 642 960 deferatur.
700 893 801 961 Ocno.
825 893 933 962 Plan.
958 915 1023 963 aa.
1051 899 1125 978 262,

127 1017 203 1080 263.

171 1169 224 1231 46.
251 1164 407 1244 Quando
425 1164 657 1230 Sanctissima
672 1164 901 1232 Eucharistia
916 1167 954 1232 in
968 1168 1128 1234 vestibus

127 1285 231 1351 laicis
256 1284 304 1350 ad
328 1287 483 1371 aegrotos
509 1287 563 1350 est
588 1284 791 1367 deferenda,
823 1286 1059 1372 prohibemus
1083 1308 1129 1353 ne

127 1405 202 1472 alio
218 1404 328 1471 modo
343 1408 508 1492 portetur
523 1424 634 1491 quam
652 1405 690 1470 in
706 1405 849 1492 pyxide
864 1407 1006 1473 inclusa
1018 1408 1128 1474 bursa

128 1545 214 1613 quae
229 1525 277 1591 ad
294 1524 430 1592 collum
447 1525 494 1591 sit
515 1545 680 1611 appensa
694 1530 730 1592 et
753 1527 892 1594 occulte
916 1548 1026 1614 super
1048 1549 1128 1615 pec-

130 1647 193 1710 tus
215 1644 353 1710 innixa.
398 1643 625 1710 Linteamina
654 1666 738 1712 vero
769 1665 854 1733 quae
880 1647 918 1712 in
949 1648 1013 1713 tali
1040 1669 1128 1715 casu

131 1762 377 1849 requiruntur,
397 1783 551 1850 parvum
579 1763 714 1830 scilicet
737 1766 922 1851 corporale
938 1785 979 1830 ac
1005 1767 1127 1852 purifi-

129 1882 316 1965 catorium,
336 1882 420 1948 alba
450 1882 522 1950 sint
547 1887 584 1949 et
606 1884 821 1969 scrupulose
851 1884 999 1949 munda.
1047 1884 1124 1967 Ofr.

129 2001 234 2069 Uoco.
250 1999 357 2068 Piera.
373 2022 411 2069 a.
431 2006 504 2068 264.

170 2194 224 2258 47.
251 2190 352 2258 Dum
379 2191 430 2257 sic
462 2191 737 2259 Sanctissimum
768 2193 944 2275 deferunt,
973 2214 1067 2260 vana
1093 2198 1128 2261 et

125 2309 275 2377 inutilia
297 2309 433 2377 evitent
455 2311 650 2397 colloquia,
672 2312 743 2398 piae
757 2314 883 2400 potius
906 2315 1126 2400 contempla-

125 2430 217 2498 tioni
240 2435 275 2498 et
298 2432 452 2499 orationi
472 2432 600 2499 dantes
624 2453 782 2519 operam.
833 2433 935 2501 Cone.
959 2434 1065 2501 Piera.
1085 2455 1122 2502 a.

126 2553 202 2617 264.

170 2710 223 2772 48.
250 2705 465 2793 Numquam
483 2705 758 2791 Sanctissimum
783 2707 1053 2773 Sacramentum
1078 2703 1139 2773 se?

126 2847 210 2894 cum
227 2826 391 2894 deferant
401 2828 612 2896 Sacerdotes
628 2848 671 2894 ea
686 2831 826 2895 tantum
840 2830 885 2896 de
902 2849 1012 2896 causa
1025 2830 1125 2915 quod

126 2949 165 3014 in
189 2949 350 3037 aliquem
378 2950 470 3017 forte
498 2954 674 3037 aegrotum
699 2951 857 3018 incidere
881 2952 1032 3040 possint,
1061 2952 1125 3018 sed

126 3068 209 3154 ejus
224 3067 358 3135 delatio
381 3070 429 3136 ad
453 3074 621 3157 urgentes
644 3074 786 3138 tantum
802 3091 930 3138 causas
951 3076 1061 3158 atque
1076 3073 1125 3138 ad

126 3192 271 3258 actuale
295 3193 483 3260 ministerii
511 3195 742 3262 sacerdotalis
774 3194 984 3262 exercitium
1011 3215 1128 3261 coarc-

126 3313 233 3378 tetur.
289 3312 421 3379 Hostia
451 3335 535 3381 vero
568 3314 685 3395 Sacra,
717 3315 747 3382 si
782 3335 856 3401 qua
887 3315 1053 3400 supersit,
1086 3316 1125 3380 in

125 3431 246 3500 reditu
262 3434 308 3500 ab
325 3435 578 3522 aegrotantium
596 3436 774 3518 domibus,
795 3436 1064 3522 quamprimum
1088 3437 1125 3502 in

127 3553 315 3620 ecclesiam
346 3555 530 3638 referatur,
567 3577 608 3622 ac
641 3561 837 3644 reponatur
866 3557 902 3620 in
931 3556 1119 3622 ciborium.

127 3671 235 3741 Ibid.
