2512 4260
250 395 253 400 ,
389 335 433 379 nn
455 333 535 378 niun
557 331 760 378 cinnomus.
1056 319 1074 378 3

120 510 151 572 8.
180 503 326 570 Fideles
349 502 493 590 pariter,
509 521 551 567 ac
574 499 775 588 praesertim
798 498 1076 586 patresfamilias

77 645 177 712 saepe
200 626 416 690 moneantur
434 626 476 688 ut
502 620 624 687 Biblia
646 620 692 686 ab
708 619 919 687 acatholicis
934 620 1070 704 vitiata,

76 750 114 814 et
134 746 249 812 libros
266 742 449 830 Religioni
471 744 536 808 aut
557 741 662 808 bonis
685 741 846 808 moribus
867 741 1074 828 injuriosoS,

77 872 189 955 atque
211 863 461 954 ephemerides
482 864 677 951 improbas,
690 862 818 950 procul
833 883 856 929 a
872 883 909 930 se
925 863 1076 950 suisque

78 985 249 1053 domibus
271 987 427 1065 arceant,
447 982 512 1050 sed
541 982 657 1049 libros
681 982 805 1069 potius
828 981 944 1047 bonos
967 980 1074 1068 ephe-

77 1107 306 1193 meridesque
323 1103 530 1173 Catholicae
545 1107 667 1171 emant
689 1108 801 1191 atque
827 1103 1071 1171 disseminent.

82 1229 184 1296 Ooac.
210 1227 319 1294 Pleu.
338 1244 405 1293 na.
421 1228 473 1306 16,
493 1228 568 1307 495,
583 1229 658 1308 498,
678 1228 752 1292 505.

122 1385 153 1446 9.
177 1379 365 1457 Quantum
405 1351 591 1465 poterunt*
612 1378 817 1446 animarum
853 1374 1022 1445 Pa'stores
1056 1399 1077 1444 a

78 1498 311 1586 Magnetismi
334 1498 512 1565 abusibus
536 1502 571 1565 et
596 1499 791 1586 Spiritismi
813 1502 923 1586 atque
947 1519 1076 1586 cogna-

78 1625 202 1687 torum
223 1639 387 1688 errorum
411 1618 584 1706 periculis
607 1619 839 1687 Dominicum
855 1641 999 1707 gregem
1016 1619 1075 1688 de-

81 1741 243 1810 fendant.
292 1741 395 1808 Ooac.
412 1739 521 1808 Pleu.
541 1760 578 1807 a.
599 1745 641 1806 33
657 1741 774 1825 etseq.

124 1917 175 1980 10.
203 1911 420 1979 Moneantur
441 1912 572 1979 fideles
588 1915 631 1978 ut
655 1911 894 1979 societatibus
916 1933 999 1979 vere
1023 1912 1079 1978 Se

79 2034 184 2102 cretis
194 2034 341 2100 omnino
351 2032 564 2114 abstineant,
573 2038 684 2120 atque
697 2033 913 2119 hujusmodi
923 2032 1078 2099 coetibus

78 2155 284 2222 renuntiare
296 2174 448 2240 prorsus
461 2153 669 2220 uolentibus
685 2153 868 2220 absolutio
882 2173 1076 2220 sacramen·

78 2277 163 2344 talis
175 2276 382 2363 denegetur.
429 2276 639 2343 Sacerdotes
651 2296 735 2343 vero
752 2297 825 2342 non
840 2279 971 2342 temere
987 2275 1078 2342 tales

80 2398 273 2465 Societates
289 2397 474 2464 declarent
497 2397 657 2464 Secretas
668 2400 708 2463 et
723 2396 922 2479 damnatas,
935 2396 981 2463 de
998 2396 1077 2483 qui-

77 2519 148 2585 bus
172 2517 252 2585 dari
276 2521 396 2605 potest
416 2517 571 2585 dubium
592 2538 666 2585 non
692 2518 917 2605 imprudens.
966 2517 1071 2584 Corte.

80 2639 186 2706 Pleu.
204 2638 259 2705 iit.
278 2639 373 2705 XII.

121 2782 173 2844 11.
206 2776 390 2844 Summam
407 2779 684 2861 venerationem,
706 2779 945 2845 obedientiam
968 2784 1080 2866 atque

80 2898 309 2966 devotionem
324 2918 410 2985 erga
424 2898 592 2966 Sanctam
606 2899 734 2967 Sedem
747 2899 962 2984 Romanam,
976 2900 1080 2968 infal-
1131 2946 1134 2950 ι

79 3020 179 3087 libile
204 3020 366 3087 veritatis
396 3023 596 3104 oraculum,
621 3021 817 3090 exhibeant
856 3021 1074 3107 Sacerdotes,

80 3141 232 3227 suisque
251 3140 443 3225 inculcent,
461 3145 496 3208 et
508 3162 624 3229 quum
640 3143 781 3210 miseris
796 3143 895 3210 hisce
910 3144 1078 3230 tempori-

80 3262 151 3328 bus
178 3261 396 3348 temporales
423 3261 595 3330 Ecclesiae
621 3265 870 3351 possessiones
897 3264 1081 3333 detineant

80 3381 209 3468 injusti
225 3381 419 3463 invasores,
441 3388 659 3449 moneantur
678 3384 805 3451 fideles
828 3388 870 3451 ut
883 3385 1080 3452 liberaliter

80 3502 239 3590 spoliato
251 3501 419 3570 Pontifici
435 3504 608 3572 orationis
630 3508 666 3572 et
690 3506 1080 3592 eleemosynatributa

80 3624 300 3713 persolvant.
