2512 4260
373 329 418 374 DE
439 329 637 376 SEPULTURA
660 331 928 378 nconssussscs.
1093 319 1130 380 33

134 517 284 584 corpore
313 497 487 581 defuncti,
513 520 582 587 pro
616 520 659 567 eo
689 501 899 584 celebretur,
930 504 1127 590 antequam

135 618 335 707 sepultura
358 622 533 689 tradatur.
582 622 685 691 dono.
703 623 810 691 Pleu.
827 644 864 692 n.
881 628 954 692 394.

176 827 249 890 116.
277 823 468 926 Pecunias,
493 844 578 912 quae
607 847 627 892 e
658 829 870 895 coemeteriis
908 828 1129 912 derivantur,
1176 816 1178 819 ’

132 966 346 1034 numquam,
366 967 602 1036 quocumque
618 950 687 1018 sub
702 953 895 1038 praetextu,
913 971 999 1019 suas
1013 951 1130 1020 facere

132 1068 292 1135 audeant
307 1067 486 1153 Pastores,
504 1070 568 1137 sed
583 1091 645 1138 eas
660 1071 708 1137 ad
724 1073 928 1139 coemeteria
944 1073 1128 1155 servanda,

132 1188 369 1256 restauranda
407 1193 519 1277 atque
557 1192 721 1259 ornanda
752 1193 972 1280 expendant.
1027 1192 1129 1261 Ocno.

132 1310 238 1378 Pleu.
255 1331 292 1379 a.
309 1315 382 1379 393.

176 1517 249 1580 117.
274 1514 385 1582 Ritus
408 1518 670 1587 ecclesiasticos
699 1521 873 1588 nolumus
903 1520 1069 1588 adhiberi
1091 1520 1129 1588 iu

132 1636 324 1722 sepultura
359 1637 534 1723 fidelium,
562 1641 872 1729 quandocumque
902 1663 1028 1711 eorum
1052 1665 1127 1711 cor-

130 1774 222 1842 pora
235 1757 461 1844 sepeliuntur
472 1760 510 1826 in
522 1761 736 1829 coemeteriis
749 1764 937 1846 sectarum,
951 1764 1010 1830 vel
1021 1764 1129 1831 etiam

130 1875 168 1941 in
185 1878 397 1945 coemeteriis
412 1880 586 1967 profanis,
608 1882 757 1969 quando
774 1883 910 1951 adsunt
925 1885 1130 1952 coemeteria

130 1995 319 2063 catholica.
367 1998 471 2067 Ocno.
488 2000 595 2068 Pleu.
611 2021 648 2068 n.
666 2006 738 2069 391.

128 2204 137 2261 t
172 2206 245 2268 118.
275 2203 312 2268 Si
337 2205 457 2270 tamen
490 2202 661 2270 catholici
683 2204 842 2290 alicujus
865 2202 1037 2283 defuncti,
1063 2201 1129 2289 qui

127 2322 237 2390 fuerit
252 2323 300 2390 ad
315 2325 423 2391 fidem
447 2345 653 2408 conversus,
669 2323 930 2412 consanguinei
952 2321 1125 2409 supersti-

128 2450 183 2510 tes
200 2443 271 2510 sint
285 2444 489 2527 acatholici,
509 2448 545 2513 et
560 2446 719 2514 fundum
735 2446 773 2512 in
788 2446 908 2512 alieno
924 2442 1128 2512 coemeterio

132 2565 211 2652 jam
228 2564 451 2652 possideant,
465 2565 710 2654 permittimus
725 2569 767 2632 ut
782 2564 950 2652 exequiae
965 2554 1004 2630 in
1018 2563 1128 2630 domo

128 2689 312 2756 ueletiam
328 2692 474 2777 publice
496 2692 535 2758 in
558 2692 709 2759 ecclesia
731 2691 966 2775 celebrentur,
987 2690 1018 2758 si
1041 2688 1128 2758 Pas·

128 2810 199 2877 tori
215 2811 388 2899 expedire
404 2813 523 2880 visum
539 2813 659 2880 fuerit.
709 2812 812 2880 Cone.
832 2795 939 2882 Pleu.
956 2832 993 2880 n.
1009 2814 1083 2880 392.

173 3037 246 3102 119.
274 3034 454 3122 Neganda
469 3058 554 3104 vero
578 3040 632 3104 est
654 3035 896 3104 ecclesiastica
912 3036 1125 3124 sepulturas

172 3187 213 3253 1⁰.
230 3189 457 3273 Infidelibus,
488 3189 669 3258 haereticis
695 3194 880 3256 eteorum
908 3188 1126 3269 fautoribus,

128 3309 802 3399 sicutetapostatisaOatholicafide.
982 3289 985 3295 ¹

170 3431 212 3498 2⁰.
230 3430 281 3499 Iis
307 3433 374 3520 qui
401 3432 470 3499 sibi
503 3432 593 3520 ipsis
619 3435 766 3498 mortem
800 3431 1053 3498 consciverunt
1079 3429 1125 3497 ob

127 3551 416 3640 desperationem
440 3552 497 3620 vel
522 3552 760 3636 iracundiam,
781 3552 852 3620 nisi
873 3555 957 3620 ante
972 3553 1124 3620 mortem

105 3671 292 3740 dederint
317 3673 421 3759 signa
445 3673 678 3760 poenitentiae.
738 3671 829 3742 Haec
862 3676 983 3740 tamen
1013 3690 1124 3760 poena
