2512 4260
372 337 417 382 nn
438 337 613 384 nnsrnmn
634 336 881 383 nccnnsrnnun.
1088 322 1126 381 31

175 511 247 574 108.
270 505 500 574 Meminerint
527 527 594 574 nec
624 506 694 575 sibi
726 506 834 573 licere
863 505 993 573 diebus
1024 505 1124 572 festis

128 603 316 718 praedictis
330 649 353 696 a
367 650 475 717 grege
492 648 559 696 suo
574 629 710 710 abesse,
721 626 792 694 nisi
807 646 919 694 causa
933 626 1037 713 prius
1052 625 1126 692 No

130 748 187 817 bis
213 749 357 836 cognita
386 750 433 817 sit
454 752 491 816 et
518 750 683 836 probata.
734 747 772 813 Si
796 747 947 834 quando
970 766 1055 812 vero
1077 765 1125 812 ex

129 868 319 956 inopinato
345 869 536 956 eontigerit
557 889 632 936 non
656 870 850 954 suppetere
875 869 1022 952 tempus
1044 864 1125 933 Nos

93 1064 96 1070 ,
129 991 356 1077 consulendi,
382 1012 459 1059 rem
481 994 595 1058 totam
627 988 746 1057 Nobis
769 988 924 1056 subinde
948 987 1125 1074 significa-

128 1113 231 1180 bunt
278 1113 383 1180 dorca
400 1112 509 1180 Plec.
524 1131 561 1179 a.
578 1114 651 1177 114.

115 1245 117 1249 ¹
172 1271 247 1334 109.
271 1264 344 1335 Pr'o
359 1287 402 1334 ea
414 1265 664 1355 quaedomum
677 1265 747 1333 Dei
760 1265 862 1332 decet
872 1262 1126 1331 sanctitudine,

129 1386 348 1456 Pastoribus
374 1387 482 1455 etiam
518 1386 754 1475 praecipimus
780 1388 822 1453 ut
845 1385 1025 1452 neminem
1054 1383 1128 1451 nisi

117 1493 276 1595 'publice
301 1507 536 1575 criminosum
561 1507 619 1574 vel
646 1506 911 1589 scandalosum,
939 1525 1011 1571 non
1037 1524 1127 1591 prae-

127 1626 254 1695 habita
269 1627 407 1696 Nostra
420 1628 575 1710 licentia,
592 1649 612 1694 e
634 1632 809 1716 suggestu
825 1627 883 1694 vel
905 1625 1031 1692 altaris
1046 1625 1127 1692 loco

127 1752 262 1817 notent.
309 1749 465 1817 Omnino
481 1753 604 1816 autem
621 1770 762 1838 semper
777 1750 983 1816 abstineant
1003 1749 1049 1817 ab
1065 1749 1128 1815 im-

128 1869 400 1959 precationibus
426 1872 463 1937 et
484 1870 697 1937 maledictis.
745 1869 851 1936 doce.
868 1869 976 1937 Pleu.
993 1873 1121 1936 c.=140.

173 2077 246 2139 110.
269 2064 511 2142 Vehementer
537 2070 645 2137 etiam
669 2071 753 2137 illos
787 2091 911 2138 omnes
937 2091 1127 2139 monemus
1192 2101 1198 2107 ·

127 2213 331 2281 numquam
353 2192 444 2280 ipsis
457 2193 599 2259 licitum
622 2214 699 2260 esse
715 2184 888 2261 censuras
910 2192 1125 2260 auctoritate

127 2311 278 2400 propria
293 2310 367 2380 sive
383 2312 483 2394 ferre,
504 2311 578 2380 sive
594 2313 815 2380 comminari.

172 2501 245 2564 111.
269 2497 445 2578 Quamvis
467 2497 591 2584 itaque
613 2498 652 2564 in
667 2498 765 2565 vitiis
786 2498 1009 2566 insectandis
1024 2498 1126 2584 gravi

129 2638 292 2686 sermone
309 2618 356 2686 sit
378 2619 567 2698 utendum,
587 2639 693 2684 nemo
716 2618 940 2685 adstantium
962 2617 1123 2685 nomina-

128 2739 195 2807 tim
224 2740 520 2828 reprehendatur,
540 2742 605 2807 aut
630 2740 681 2806 ita
712 2740 919 2828 designetur
948 2742 992 2809 ut
1020 2740 1126 2807 facile

127 2857 350 2928 innotescere
372 2859 498 2948 possit.
546 2859 602 2943 Et,
623 2859 654 2927 si
668 2859 762 2926 inter
777 2859 1075 2928 Ooncionatorem
1091 2864 1127 2927 et

128 2978 274 3067 aliquos
290 3001 337 3047 ex
349 2981 541 3049 commisso
559 2980 628 3048 sibi
642 3001 749 3069 grege
761 2981 843 3048 lites
854 2980 912 3048 vel
925 2982 1126 3048 simultates

128 3103 323 3187 extiterint,
350 3124 553 3192 numquam
576 3108 702 3172 utatur
725 3105 899 3171 Sacerdos
922 3124 1024 3171 sacro
1044 3104 1125 3172 loco

128 3225 166 3290 et
190 3226 352 3311 tempore
381 3224 430 3292 ad
459 3225 705 3293 ulciscendam
732 3224 911 3312 privatam
937 3224 1121 3311 injuriam.

130 3336 235 3414 Once.
252 3346 361 3433 Pica.
376 3367 413 3415 a.
430 3350 503 3413 140.

170 3551 245 3615 112.
270 3548 440 3618 Pastores
476 3550 626 3617 caveant
654 3568 700 3615 ne
730 3548 952 3615 sacerdotem
988 3568 1123 3635 vagum

41 3672 61 3745 ι’
114 3690 352 3760 ,quemquam
374 3672 433 3739 vel
454 3672 620 3760 ignotum
647 3670 716 3739 sibi
742 3673 778 3738 et
797 3673 1010 3738 extraneum
1037 3671 1123 3739 Mis·
