2512 4260
346 328 391 374 nn
412 327 593 374 soornrnrn
613 327 724 374 nurui
744 327 907 374 suusrnrr.
1084 315 1125 377 37

127 505 288 574 collectae
324 483 424 585 fiant,
458 500 568 583 unde,
603 497 705 586 quod
743 499 852 579 deest
891 500 1118 586 suppleatur.

126 624 285 712 Expleto
300 641 386 689 vero
402 619 556 702 defectu,
573 617 758 706 quidquid
774 621 939 706 superest
953 619 991 686 in
1007 620 1123 688 aerari-

125 769 191 817 um
206 745 366 814 ecclesiae
382 746 437 811 est
451 741 725 810 demittendum.

169 957 243 1020 131.
266 951 452 1022 Volumus
481 952 656 1037 praeterea
685 954 727 1015 ut
756 934 873 1015 uullo'
890 969 1054 1036 unquam
1085 948 1122 1016 in

129 1093 217 1141 casu
243 1070 417 1139 salarium
441 1069 517 1137 sive
543 1067 706 1136 Pastoris
731 1067 805 1135 sive
830 1067 1056 1155 Adjutorum
1080 1068 1126 1135 de

127 1213 224 1260 anno
246 1191 284 1259 in
308 1210 446 1258 annum
478 1188 619 1256 sinatur
644 1188 868 1255 accumulari
898 1192 1010 1276 atque
1032 1189 1126 1255 inter

128 1313 253 1381 debita
268 1309 428 1378 ecclesiae
446 1308 631 1376 recenseri.
678 1308 829 1396 Singulo
845 1309 999 1396 proinde
1014 1329 1121 1393 anno,

131 1435 243 1522 juxta
258 1432 402 1520 regulas
430 1430 598 1518 superius
621 1431 768 1517 positas,
794 1430 995 1517 accipiatur
1008 1447 1025 1514 ;·
1040 1430 1126 1497 alio-

129 1555 221 1644 quin
247 1553 452 1621 censebitur
482 1551 612 1620 Pastor
639 1552 713 1619 sive
740 1552 903 1638 Adjutor
928 1553 1127 1639 respective

129 1675 208 1764 J'uri
224 1693 292 1741 suo
307 1673 534 1741 renuntiasse
556 1676 592 1740 et
614 1672 767 1760 pecunia
782 1672 851 1739 sibi
874 1673 997 1739 debita
1017 1674 1127 1740 eccle·

130 1797 221 1865 siam
237 1795 401 1863 donasse.

173 1983 246 2048 132.
273 1979 422 2048 Donum
434 1979 728 2048 cathedraticum
745 1981 943 2069 quotannis
955 1981 1051 2048 infra
1063 1981 1128 2049 Oo-

127 2103 250 2169 tavam
279 2099 380 2167 Festi
409 2099 659 2168 Immaculatae
689 2100 947 2189 Conceptionis
986 2102 1127 2169 solvent

129 2220 268 2306 singuli
284 2219 455 2288 Pastores
479 2242 546 2308 pro
571 2222 648 2289 suis
672 2223 870 2312 respective
889 2222 1049 2291 ecclesiis
1071 2224 1129 2290 vel

128 2341 375 2409 missionibus.
425 2339 527 2408 Ooac.
544 2340 651 2409 Pleu.
667 2363 704 2410 a.
722 2348 795 2409 100.

174 2533 248 2596 133.
273 2529 476 2596 Statuimus
498 2531 550 2613 ut,
571 2530 687 2597 donec
710 2530 814 2597 aliter
829 2530 1074 2618 provideatur,
1090 2531 1129 2597 in

129 2649 300 2718 omnibus
316 2649 431 2736 hujus
457 2648 664 2716 Dioeceseos
690 2650 851 2718 ecclesiis
879 2651 953 2719 sive
977 2650 1132 2718 Saecula·

129 2769 227 2837 rium
258 2769 334 2836 sive
360 2768 600 2855 Regularium
630 2773 701 2837 tres
731 2772 821 2838 fiant
847 2771 1001 2859 singulis
1024 2771 1130 2838 annis

131 2887 310 2956 collectae:
334 2889 455 2974 prima
477 2888 660 2973 nimirum,
675 2890 712 2956 in
728 2890 787 2958 die
802 2890 1044 2973 Pentecostes‚
1062 2912 1128 2978 pro

130 3010 359 3078 institutione
375 3011 610 3095 clericorum3
645 3014 758 3081 altera
781 3034 848 3101 pro
872 3014 1021 3082 Summo
1037 3012 1131 3080 Pon-

129 3129 251 3215 tifice3
290 3130 403 3213 tertia,
439 3133 600 3218 tempore
637 3134 852 3216 autumnali,
887 3155 955 3221 pro
985 3133 1129 3200 aedibus

131 3249 404 3338 episcopalibus
420 3252 684 3338 comparandis.

176 3424 249 3488 134.
274 3420 413 3488 Praeter
427 3421 539 3489 libros
555 3443 668 3509 supra
679 3444 725 3490 ex
738 3423 899 3490 Ritualis
914 3425 1127 3511 praescripto

131 3542 338 3630 requisitos,
367 3543 405 3609 in
438 3543 536 3611 omni
569 3546 719 3612 ecclesia
748 3545 806 3611 vei
836 3546 1006 3612 missione
1035 3547 1129 3612 liber

132 3660 321 3745 habeatur,
341 3660 379 3728 in
394 3681 470 3748 quo
486 3663 607 3730 omnia
620 3666 821 3732 memoratu
839 3665 959 3751 digna,
979 3685 1065 3752 quae
1080 3665 1128 3733 ad
