2512 4260
440 802 811 880 PROOEMIUM.

184 1209 337 1279 Concilii
359 1209 634 1276 Baltimorensis
657 1207 819 1275 Plenarii
835 1209 873 1274 ΙΙ
890 1208 970 1293 (Tit.
993 1209 1067 1286 xiV,
1088 1229 1122 1275 n.

126 1335 203 1416 533)
226 1333 431 1419 obsequens
461 1332 616 1415 monitio,
642 1334 858 1419 “quatenus
889 1332 927 1398 in
952 1333 1122 1400 omnibus

126 1452 333 1521 executioni
349 1452 566 1518 mandentur
581 1452 696 1538 hujus
712 1451 872 1518 Plenarii
888 1453 1041 1521 Concilii
1056 1453 1140 1520 De.

126 1573 259 1654 oreta,’'
287 1578 323 1640 et
355 1573 465 1640 simul
499 1573 690 1658 providere
722 1573 875 1659 cupiens
906 1574 1124 1641 solutionem

127 1695 392 1783 quaestionibus
419 1695 641 1781 quibusdam
666 1695 885 1781 opportunis
908 1696 945 1761 in
967 1717 1009 1762 eo
1033 1697 1123 1765 Con·

127 1817 211 1883 cilio
235 1836 308 1882 non
326 1816 467 1898 decisis,
488 1815 761 1902 quamprimum
780 1817 910 1902 potuit,
933 1817 1124 1904 Synodum

127 1956 204 2004 suae
227 1955 333 2003 novae
355 1936 562 2004 Dioeceseos
593 1937 782 2003 convocari
816 1939 957 2005 curavit
983 1940 1125 2025 primus

125 2058 332 2145 Episcopus
355 2057 705 2145 Ogdensburgensis,
727 2059 824 2124 lll¹l²us
842 2080 884 2126 ac
908 2060 1038 2128 never
1053 2063 1123 2128 Er>-

127 2197 251 2246 ounus
264 2177 534 2245 P.Wlurmns.
566 2180 628 2246 Ad
640 2180 734 2247 hanc
745 2180 886 2248 invitati
900 2188 985 2249 sunt
1001 2204 1125 2252 omnes

125 2304 203 2365 tum
221 2299 429 2381 Saeculares,
451 2304 529 2365 tum
545 2299 746 2386 Regulares
771 2301 980 2370 Dioeceseos
1006 2304 1124 2371 Sacer·

127 2419 240 2499 dotes,
272 2424 456 2505 quotquot
490 2419 649 2505 legitime
687 2441 760 2486 non
797 2428 916 2488 essent
945 2423 1122 2510 impediti.

128 2539 292 2607 Primum
325 2561 411 2627 pars
434 2561 559 2608 eorum
583 2541 722 2608 circiter
745 2543 864 2608 media
888 2543 946 2610 die
969 2549 1004 2610 9³
1031 2545 1055 2612 J
1058 2545 1126 2612 ulii

128 2660 165 2726 in
194 2661 374 2728 civitatem
402 2662 648 2749 episcopalem
679 2668 934 2746 convenerunt,
971 2666 1035 2732 ubi
1065 2666 1126 2753 pie

127 2785 195 2850 sub
227 2784 422 2851 directione
457 2784 545 2851 Rev.
577 2784 619 2850 P.
651 2783 876 2852 GUILLELMI
907 2787 1120 2873 WAYRIOH,

129 2904 168 2973 Ο.
189 2905 247 2971 SS.
266 2905 325 2990 R,
345 2907 512 2973 obierunt
537 2905 674 2994 praevia
700 2907 815 2973 annui
842 2929 1005 2977 secessus
1026 2931 1125 2977 exer-

130 3029 214 3095 citia
246 3030 461 3116 spiritualia,
486 3031 622 3118 quibus
638 3029 704 3096 rite
734 3030 925 3114 absolutis,
946 3036 980 3098 et
1007 3032 1128 3099 caeteri

128 3148 332 3234 Synodales
348 3153 585 3230 accesserunt,
596 3169 638 3215 ac
654 3153 752 3231 tunc,
770 3149 897 3215 die13³
913 3150 938 3217 J
940 3151 1016 3234 ulii,
1032 3171 1127 3238 opus

129 3271 308 3338 indictum
338 3273 551 3358 auspicatus
581 3275 635 3338 est
664 3271 762 3336 illmus
788 3271 1008 3359 Episcopus,
1037 3272 1127 3340 hora

128 3412 223 3458 nona
238 3393 454 3459 celebrando
477 3391 627 3459 Missam
651 3393 899 3479 pontificalem
924 3394 969 3460 de
986 3393 1126 3481 Spiritu

129 3513 174 3595 S,
203 3513 263 3578 cui
293 3513 367 3580 fere
406 3513 523 3580 omnis
553 3513 681 3582 Olerus
710 3516 746 3580 et
772 3533 929 3600 magnus
959 3513 1126 3607 fidelium

130 3653 304 3700 numerus
330 3634 580 3702 interfuerunt.
630 3634 811 3704 Gonoione
838 3634 1016 3721 praeclara
1039 3656 1127 3703 mox
