2512 4260
424 320 537 367 runnx
559 319 827 366 nnrnraurrous.
1084 311 1121 370 61

167 483 206 545 In
232 471 297 545 uno
325 484 505 545 bannorum
534 481 661 563 quando
690 482 831 544 sacerdos
860 481 1040 564 dispensare
1062 459 1120 504 ΡΜ·

229 564 314 626 ossit.
337 567 383 628 78.

167 584 368 725 Οεξῖθῐοᾳυίη
391 663 448 724 pro
473 643 707 723 dispensatione
731 642 771 705 ad
785 643 979 725 Episcopum
995 667 1042 710 rc·

203 725 396 788 currendum
411 744 466 805 per
481 724 723 786 Oanoellarium.
745 728 792 797 85,
809 728 856 786 86.

168 806 256 868 Tarra
271 806 420 868 solvenda
433 824 490 885 pro
505 805 561 867 tali
583 804 825 885 dispensatione.
847 808 894 869 87.

165 885 422 966 Dispensationes
451 887 589 948 obtentae
609 885 644 946 in
666 885 795 964 regestis
816 887 972 949 notanda.
995 892 1042 951 86.

126 1103 321 1166 Burrrsuus
344 1147 1036 1168 ...................................
1106 1111 1124 1172 7

166 1183 275 1246 Cuivis
290 1184 403 1246 idoneo
417 1183 667 1245 administretur.
689 1186 737 1244 24.

166 1265 254 1359 Laioi
270 1264 402 1326 docendi
418 1263 549 1325 modum
571 1263 816 1325 administrandi
839 1263 1042 1344 Baptismum

166 1348 481 1487 Mghgahttlulihfidiles
496 1424 534 1486 de
549 1423 741 1506 obligatione
755 1425 949 1504 procurandi
959 1427 1041 1509 Bap-
1104 1499 1106 1503 ἲ

207 1507 339 1567 tismum
355 1506 541 1567 infantibus.
566 1509 614 1566 26.

167 1586 286 1648 Contra
307 1587 498 1649 foetioidium
519 1590 649 1666 propter
669 1585 752 1647 hanc
774 1587 929 1649 rationem
945 1589 1043 1651 etiam

205 1668 459 1747 premuniautur.
482 1670 530 1728 26.

166 1747 301 1821 Quando
322 1749 571 1810 acatholicorum
595 1746 736 1809 infantes
761 1747 826 1809 sint
848 1749 1041 1830 baptizandi.

166 1908 205 1970 In
228 1909 340 1972 mortis
367 1909 509 1990 periculo
543 1908 646 1989 quivis
673 1908 812 1972 infantes
840 1916 917 1972 sunt
940 1911 1042 1992 bapti-

205 1991 308 2051 zandi.
335 1993 383 2052 28.

166 2070 314 2132 Minister
336 2071 524 2133 Ordinarius
548 2070 703 2150 Baptismi
725 2078 772 2132 est
794 2071 907 2134 Pastor
927 2073 961 2135 in
984 2091 1042 2135 suo

206 2151 363 2213 districtu.
388 2155 434 2215 17.

166 2231 271 2295 Poenae
286 2233 500 2312 suspensionis
520 2252 551 2294 se
574 2240 740 2312 exponunt
764 2233 820 2313 qui
843 2234 983 2295 infantes
1004 2253 1042 2296 ex

206 2313 308 2375 alieno
323 2312 471 2375 districtu
486 2319 602 2373 temere
618 2314 789 2392 baptizant.
813 2317 860 2378 17.

166 2393 347 2455 Honoraria
362 2394 524 2455 occasione
547 2393 705 2473 Baptismi
727 2395 860 2457 infantis
881 2414 919 2456 ex
935 2395 1041 2456 alieno

206 2474 353 2536 districtu
369 2480 493 2554 recepta
508 2475 600 2537 titulo
614 2475 757 2556 ‘justitia
771 2475 900 2555 proprio
915 2474 1041 2537 Pastori

208 2555 462 2617 transmittenda.
490 2558 537 2616 18.

166 2635 251 2777 Fops
276 2636 471 2716 baptismalis
492 2636 526 2697 in
549 2655 740 2716 unaquaque
764 2635 901 2698 ecclesias
921 2636 1042 2717 erigen-

232 2736 277 2779 us.
299 2721 347 2778 29.
407 2769 411 2778 ,

165 2796 349 2877 Baptismus
364 2797 397 2858 in
412 2796 542 2860 ecclesia
555 2797 774 2859 conferendus.
796 2800 843 2858 29.

165 2877 205 2939 In
220 2879 342 2940 sedibus
356 2879 488 2960 privatis
503 2878 577 2939 licet
596 2877 798 2958 Baptismum
821 2878 962 2940 conferre
976 2879 1037 2960 pri·

207 2966 316 3020 vatum
331 2960 371 3021 ob
387 2961 499 3022 mortis
513 2959 698 3039 periculum.
720 2962 768 3020 30.

166 3038 357 3101 Solemniter
370 3059 443 3101 eum
458 3039 646 3121 quandoque
669 3041 812 3102 conterre
831 3040 906 3102 licet
920 3040 952 3100 in
967 3040 1041 3101 aedi·

206 3120 265 3179 bus
279 3118 419 3198 privatis.
440 3123 488 3180 31.

166 3198 241 3259 Non
257 3198 427 3278 exigantur
441 3199 615 3261 oblationes
626 3220 683 3280 pro
695 3201 863 3262 collatione
876 3200 1041 3280 Baptismi.

166 3356 261 3420 Unus
276 3358 388 3420 saltem
402 3359 549 3438 patrinus
564 3359 773 3421 adhibendus.
794 3363 842 3425 34.

167 3439 307 3513 Quinam
321 3441 360 3501 ab
375 3440 435 3501 hoc
450 3458 579 3502 munere
594 3439 813 3502 excludantur.
834 3444 881 3502 34.

166 3520 205 3582 In
222 3521 386 3601 Baptismo
401 3521 575 3581 infantium
587 3521 835 3582 acatholicorum
850 3521 969 3601 patrini
980 3521 1038 3583 Oa-

206 3602 318 3664 tholioi
333 3601 520 3664 habeantur.
541 3605 589 3666 27.
