<?xml version="1.0" encoding="UTF-8"?>
<!DOCTYPE html PUBLIC "-//W3C//DTD XHTML 1.0 Transitional//EN"
    "http://www.w3.org/TR/xhtml1/DTD/xhtml1-transitional.dtd">
<html xmlns="http://www.w3.org/1999/xhtml" xml:lang="en" lang="en">
 <head>
  <title>
</title>
<meta http-equiv="Content-Type" content="text/html;charset=utf-8" />
  <meta name='ocr-system' content='tesseract 3.04.00' />
  <meta name='ocr-capabilities' content='ocr_page ocr_carea ocr_par ocr_line ocrx_word'/>
</head>
<body>
  <div class='ocr_page' id='page_1' title='image "./statutadioecese00diocgoog_0040.png"; bbox 0 0 2512 4260; ppageno 0'>
   <div class='ocr_carea' id='block_1_1' title="bbox 407 325 1127 382">
    <p class='ocr_par' dir='ltr' id='par_1_1' title="bbox 407 325 1127 382">
     <span class='ocr_line' id='line_1_1' title="bbox 407 325 1127 382; baseline 0.004 -3"><span class='ocrx_word' id='word_1_1' title='bbox 407 336 451 380; x_wconf 84' lang='lat' dir='ltr'>nn</span> <span class='ocrx_word' id='word_1_2' title='bbox 473 336 634 380; x_wconf 70' lang='lat' dir='ltr'>nxrnaus</span> <span class='ocrx_word' id='word_1_3' title='bbox 657 336 843 382; x_wconf 80' lang='lat' dir='ltr'>nncrronn.</span> <span class='ocrx_word' id='word_1_4' title='bbox 1088 325 1127 382; x_wconf 85' lang='lat'>19</span> 
     </span>
    </p>
   </div>
   <div class='ocr_carea' id='block_1_2' title="bbox 128 505 1127 831">
    <p class='ocr_par' dir='ltr' id='par_1_2' title="bbox 128 505 1127 831">
     <span class='ocr_line' id='line_1_2' title="bbox 129 505 1127 589; baseline 0.003 -19"><span class='ocrx_word' id='word_1_5' title='bbox 129 523 287 588; x_wconf 89' lang='lat' dir='ltr'>nensem,</span> <span class='ocrx_word' id='word_1_6' title='bbox 315 505 478 571; x_wconf 85' lang='lat' dir='ltr'>habitam</span> <span class='ocrx_word' id='word_1_7' title='bbox 502 525 623 572; x_wconf 89' lang='lat' dir='ltr'>mense</span> <span class='ocrx_word' id='word_1_8' title='bbox 649 505 805 584; x_wconf 82' lang='lat' dir='ltr'>Octobri,</span> <span class='ocrx_word' id='word_1_9' title='bbox 831 508 924 589; x_wconf 81' lang='lat'>1855,</span> <span class='ocrx_word' id='word_1_10' title='bbox 951 507 1007 573; x_wconf 90' lang='lat' dir='ltr'>vel</span> <span class='ocrx_word' id='word_1_11' title='bbox 1033 507 1127 573; x_wconf 90' lang='lat' dir='ltr'>inter</span> 
     </span>
     <span class='ocr_line' id='line_1_3' title="bbox 129 628 1127 716; baseline 0.001 -21"><span class='ocrx_word' id='word_1_12' title='bbox 129 649 177 710; x_wconf 87' lang='lat' dir='ltr'>se,</span> <span class='ocrx_word' id='word_1_13' title='bbox 212 628 269 694; x_wconf 92' lang='lat' dir='ltr'>vel</span> <span class='ocrx_word' id='word_1_14' title='bbox 300 649 383 695; x_wconf 92' lang='lat' dir='ltr'>cum</span> <span class='ocrx_word' id='word_1_15' title='bbox 420 628 622 695; x_wconf 91' lang='lat' dir='ltr'>acatholica</span> <span class='ocrx_word' id='word_1_16' title='bbox 659 633 764 715; x_wconf 90' lang='lat' dir='ltr'>parte</span> <span class='ocrx_word' id='word_1_17' title='bbox 801 649 921 694; x_wconf 90' lang='lat' dir='ltr'>coram</span> <span class='ocrx_word' id='word_1_18' title='bbox 958 648 1127 716; x_wconf 89' lang='lat' dir='ltr'>praecone</span> 
     </span>
     <span class='ocr_line' id='line_1_4' title="bbox 128 747 1122 831; baseline 0.003 -19"><span class='ocrx_word' id='word_1_19' title='bbox 128 747 297 814; x_wconf 87' lang='lat' dir='ltr'>haeretico</span> <span class='ocrx_word' id='word_1_20' title='bbox 324 747 594 814; x_wconf 78' lang='lat' dir='ltr'><strong>matrimonium</strong></span> <span class='ocrx_word' id='word_1_21' title='bbox 622 747 832 813; x_wconf 82' lang='lat' dir='ltr'>contrahere</span> <span class='ocrx_word' id='word_1_22' title='bbox 859 748 1122 831; x_wconf 81' lang='lat' dir='ltr'>attentaverint,</span> 
     </span>
    </p>
   </div>
   <div class='ocr_carea' id='block_1_3' title="bbox 127 865 1125 1048">
    <p class='ocr_par' dir='ltr' id='par_1_3' title="bbox 127 865 1125 1048">
     <span class='ocr_line' id='line_1_5' title="bbox 128 865 1125 954; baseline 0 -22"><span class='ocrx_word' id='word_1_23' title='bbox 128 867 268 952; x_wconf 91' lang='lat' dir='ltr'>quique</span> <span class='ocrx_word' id='word_1_24' title='bbox 283 885 430 954; x_wconf 81' lang='lat' dir='ltr'>poenam</span> <span class='ocrx_word' id='word_1_25' title='bbox 449 865 836 933; x_wconf 81' lang='lat' dir='ltr'>excommunicationis</span> <span class='ocrx_word' id='word_1_26' title='bbox 851 866 985 932; x_wconf 91' lang='lat' dir='ltr'>idcirco</span> <span class='ocrx_word' id='word_1_27' title='bbox 1007 867 1125 932; x_wconf 92' lang='lat' dir='ltr'>incur·</span> 
     </span>
     <span class='ocr_line' id='line_1_6' title="bbox 127 981 247 1048; baseline -0.017 -1"><span class='ocrx_word' id='word_1_28' title='bbox 127 981 247 1048; x_wconf 92' lang='lat' dir='ltr'>rerint.</span> 
     </span>
    </p>
   </div>
   <div class='ocr_carea' id='block_1_4' title="bbox 386 1204 877 1430">
    <p class='ocr_par' dir='ltr' id='par_1_4' title="bbox 386 1204 877 1430">
     <span class='ocr_line' id='line_1_7' title="bbox 502 1204 752 1274; baseline -0.004 0"><span class='ocrx_word' id='word_1_29' title='bbox 502 1204 664 1274; x_wconf 79' lang='lat' dir='ltr'><strong>CAPUT</strong></span> <span class='ocrx_word' id='word_1_30' title='bbox 686 1205 752 1273; x_wconf 92' lang='lat' dir='ltr'>IX.</span> 
     </span>
     <span class='ocr_line' id='line_1_8' title="bbox 386 1380 877 1430; baseline 0 -2"><span class='ocrx_word' id='word_1_31' title='bbox 386 1381 438 1428; x_wconf 81' lang='lat' dir='ltr'>on</span> <span class='ocrx_word' id='word_1_32' title='bbox 461 1380 644 1429; x_wconf 74' lang='lat' dir='ltr'>nxrnnnn</span> <span class='ocrx_word' id='word_1_33' title='bbox 670 1381 877 1430; x_wconf 85' lang='lat' dir='ltr'>nncrronn.</span> 
     </span>
    </p>
   </div>
   <div class='ocr_carea' id='block_1_5' title="bbox 126 1519 1128 1844">
    <p class='ocr_par' dir='ltr' id='par_1_5' title="bbox 126 1519 1128 1844">
     <span class='ocr_line' id='line_1_9' title="bbox 170 1519 1128 1611; baseline 0.003 -25"><span class='ocrx_word' id='word_1_34' title='bbox 170 1523 221 1586; x_wconf 88' lang='lat'>66.</span> <span class='ocrx_word' id='word_1_35' title='bbox 247 1519 369 1600; x_wconf 80' lang='lat' dir='ltr'>Quum</span> <span class='ocrx_word' id='word_1_36' title='bbox 396 1519 568 1586; x_wconf 82' lang='lat' dir='ltr'>Extrema</span> <span class='ocrx_word' id='word_1_37' title='bbox 598 1520 730 1587; x_wconf 87' lang='lat' dir='ltr'>Unctio</span> <span class='ocrx_word' id='word_1_38' title='bbox 754 1521 800 1587; x_wconf 93' lang='lat' dir='ltr'>sit</span> <span class='ocrx_word' id='word_1_39' title='bbox 830 1542 955 1588; x_wconf 89' lang='lat' dir='ltr'>verum</span> <span class='ocrx_word' id='word_1_40' title='bbox 981 1543 1024 1589; x_wconf 89' lang='lat' dir='ltr'>ac</span> <span class='ocrx_word' id='word_1_41' title='bbox 1048 1545 1128 1611; x_wconf 91' lang='lat' dir='ltr'>pro·</span> 
     </span>
     <span class='ocr_line' id='line_1_10' title="bbox 126 1639 1126 1726; baseline 0.004 -21"><span class='ocrx_word' id='word_1_42' title='bbox 126 1639 205 1725; x_wconf 93' lang='lat' dir='ltr'>prie</span> <span class='ocrx_word' id='word_1_43' title='bbox 220 1639 360 1707; x_wconf 87' lang='lat' dir='ltr'>dictum</span> <span class='ocrx_word' id='word_1_44' title='bbox 376 1639 493 1707; x_wconf 87' lang='lat' dir='ltr'>Novae</span> <span class='ocrx_word' id='word_1_45' title='bbox 505 1639 611 1726; x_wconf 89' lang='lat' dir='ltr'>Legis</span> <span class='ocrx_word' id='word_1_46' title='bbox 625 1643 648 1675; x_wconf 71' lang='lat'>‘⁸</span> <span class='ocrx_word' id='word_1_47' title='bbox 661 1640 931 1708; x_wconf 84' lang='lat' dir='ltr'>Sacramentum</span> <span class='ocrx_word' id='word_1_48' title='bbox 948 1663 970 1707; x_wconf 90' lang='lat' dir='ltr'>a</span> <span class='ocrx_word' id='word_1_49' title='bbox 980 1642 1126 1710; x_wconf 79' lang='lat' dir='ltr'>Christo</span> 
     </span>
     <span class='ocr_line' id='line_1_11' title="bbox 128 1757 1126 1844; baseline 0.005 -21"><span class='ocrx_word' id='word_1_50' title='bbox 128 1758 287 1825; x_wconf 90' lang='lat' dir='ltr'>Domino</span> <span class='ocrx_word' id='word_1_51' title='bbox 314 1757 533 1839; x_wconf 85' lang='lat' dir='ltr'>institutum,</span> <span class='ocrx_word' id='word_1_52' title='bbox 561 1761 736 1844; x_wconf 86' lang='lat' dir='ltr'>tanquam</span> <span class='ocrx_word' id='word_1_53' title='bbox 761 1758 917 1826; x_wconf 84' lang='lat' dir='ltr'>coelestis</span> <span class='ocrx_word' id='word_1_54' title='bbox 947 1761 1126 1828; x_wconf 90' lang='lat' dir='ltr'>medicina</span> 
     </span>
    </p>
   </div>
   <div class='ocr_carea' id='block_1_6' title="bbox 125 1879 1126 2088">
    <p class='ocr_par' dir='ltr' id='par_1_6' title="bbox 125 1879 1126 2088">
     <span class='ocr_line' id='line_1_12' title="bbox 125 1879 1124 1965; baseline 0.003 -21"><span class='ocrx_word' id='word_1_55' title='bbox 125 1899 198 1946; x_wconf 93' lang='lat' dir='ltr'>non</span> <span class='ocrx_word' id='word_1_56' title='bbox 208 1879 340 1946; x_wconf 81' lang='lat' dir='ltr'>animae</span> <span class='ocrx_word' id='word_1_57' title='bbox 350 1880 478 1961; x_wconf 85' lang='lat' dir='ltr'>solum,</span> <span class='ocrx_word' id='word_1_58' title='bbox 488 1880 552 1946; x_wconf 88' lang='lat' dir='ltr'>sed</span> <span class='ocrx_word' id='word_1_59' title='bbox 563 1880 671 1946; x_wconf 85' lang='lat' dir='ltr'>etiarn</span> <span class='ocrx_word' id='word_1_60' title='bbox 682 1881 824 1965; x_wconf 90' lang='lat' dir='ltr'>corpori</span> <span class='ocrx_word' id='word_1_61' title='bbox 835 1879 1016 1962; x_wconf 86' lang='lat' dir='ltr'>salutaris,</span> <span class='ocrx_word' id='word_1_62' title='bbox 1026 1883 1124 1948; x_wconf 92' lang='lat' dir='ltr'>omni</span> 
     </span>
     <span class='ocr_line' id='line_1_13' title="bbox 126 2000 1126 2088; baseline 0.003 -21"><span class='ocrx_word' id='word_1_63' title='bbox 126 2000 251 2067; x_wconf 89' lang='lat' dir='ltr'>studio</span> <span class='ocrx_word' id='word_1_64' title='bbox 267 2020 310 2067; x_wconf 92' lang='lat' dir='ltr'>ac</span> <span class='ocrx_word' id='word_1_65' title='bbox 325 2001 514 2088; x_wconf 85' lang='lat' dir='ltr'>diligentia</span> <span class='ocrx_word' id='word_1_66' title='bbox 528 2000 731 2088; x_wconf 84' lang='lat' dir='ltr'>periculose</span> <span class='ocrx_word' id='word_1_67' title='bbox 750 2003 1010 2088; x_wconf 84' lang='lat' dir='ltr'>aegrotantibus</span> <span class='ocrx_word' id='word_1_68' title='bbox 1027 2005 1126 2071; x_wconf 89' lang='lat' dir='ltr'>adhi-</span> 
     </span>
    </p>
   </div>
   <div class='ocr_carea' id='block_1_7' title="bbox 124 2121 1119 2212">
    <p class='ocr_par' dir='ltr' id='par_1_7' title="bbox 124 2121 1119 2212">
     <span class='ocr_line' id='line_1_14' title="bbox 124 2121 1119 2212; baseline 0.002 -23"><span class='ocrx_word' id='word_1_69' title='bbox 124 2121 287 2189; x_wconf 90' lang='lat' dir='ltr'>bendum</span> <span class='ocrx_word' id='word_1_70' title='bbox 302 2125 364 2204; x_wconf 89' lang='lat' dir='ltr'>est,</span> <span class='ocrx_word' id='word_1_71' title='bbox 385 2125 421 2189; x_wconf 90' lang='lat' dir='ltr'>et</span> <span class='ocrx_word' id='word_1_72' title='bbox 435 2143 478 2189; x_wconf 93' lang='lat' dir='ltr'>eo</span> <span class='ocrx_word' id='word_1_73' title='bbox 501 2121 651 2209; x_wconf 91' lang='lat' dir='ltr'>quidem</span> <span class='ocrx_word' id='word_1_74' title='bbox 667 2126 838 2209; x_wconf 89' lang='lat' dir='ltr'>tempore,</span> <span class='ocrx_word' id='word_1_75' title='bbox 856 2124 886 2190; x_wconf 89' lang='lat' dir='ltr'>si</span> <span class='ocrx_word' id='word_1_76' title='bbox 901 2124 979 2191; x_wconf 89' lang='lat' dir='ltr'>fieri</span> <span class='ocrx_word' id='word_1_77' title='bbox 994 2126 1119 2212; x_wconf 84' lang='lat' dir='ltr'>possit,</span> 
     </span>
    </p>
   </div>
   <div class='ocr_carea' id='block_1_8' title="bbox 125 2243 1121 2434">
    <p class='ocr_par' dir='ltr' id='par_1_8' title="bbox 125 2243 1121 2434">
     <span class='ocr_line' id='line_1_15' title="bbox 125 2243 1121 2335; baseline 0.003 -24"><span class='ocrx_word' id='word_1_78' title='bbox 125 2243 309 2311; x_wconf 88' lang='lat' dir='ltr'>cumillis</span> <span class='ocrx_word' id='word_1_79' title='bbox 338 2245 461 2312; x_wconf 91' lang='lat' dir='ltr'>adhuc</span> <span class='ocrx_word' id='word_1_80' title='bbox 491 2244 631 2331; x_wconf 88' lang='lat' dir='ltr'>integra</span> <span class='ocrx_word' id='word_1_81' title='bbox 663 2265 766 2313; x_wconf 85' lang='lat' dir='ltr'>mens</span> <span class='ocrx_word' id='word_1_82' title='bbox 796 2250 832 2312; x_wconf 92' lang='lat' dir='ltr'>et</span> <span class='ocrx_word' id='word_1_83' title='bbox 865 2247 956 2314; x_wconf 91' lang='lat' dir='ltr'>ratio</span> <span class='ocrx_word' id='word_1_84' title='bbox 986 2247 1121 2335; x_wconf 84' lang='lat' dir='ltr'>viget.&#39;’</span> 
     </span>
     <span class='ocr_line' id='line_1_16' title="bbox 126 2363 405 2434; baseline -0.014 0"><span class='ocrx_word' id='word_1_85' title='bbox 126 2363 284 2434; x_wconf 77' lang='lat' dir='ltr'>Ritucle</span> <span class='ocrx_word' id='word_1_86' title='bbox 298 2366 405 2434; x_wconf 83' lang='lat' dir='ltr'>Rom.</span> 
     </span>
    </p>
   </div>
   <div class='ocr_carea' id='block_1_9' title="bbox 125 2535 1125 3089">
    <p class='ocr_par' dir='ltr' id='par_1_9' title="bbox 125 2535 1125 3089">
     <span class='ocr_line' id='line_1_17' title="bbox 170 2535 1125 2626; baseline 0.005 -24"><span class='ocrx_word' id='word_1_87' title='bbox 170 2540 221 2603; x_wconf 84' lang='lat'>67.</span> <span class='ocrx_word' id='word_1_88' title='bbox 246 2535 416 2604; x_wconf 87' lang='lat' dir='ltr'>Pastores</span> <span class='ocrx_word' id='word_1_89' title='bbox 440 2558 525 2624; x_wconf 90' lang='lat' dir='ltr'>ergo</span> <span class='ocrx_word' id='word_1_90' title='bbox 549 2540 716 2623; x_wconf 87' lang='lat' dir='ltr'>satagant</span> <span class='ocrx_word' id='word_1_91' title='bbox 738 2541 893 2621; x_wconf 85' lang='lat' dir='ltr'>aegrotos</span> <span class='ocrx_word' id='word_1_92' title='bbox 918 2543 1125 2626; x_wconf 87' lang='lat' dir='ltr'>opportune</span> 
     </span>
     <span class='ocr_line' id='line_1_18' title="bbox 125 2656 1125 2744; baseline 0.004 -21"><span class='ocrx_word' id='word_1_93' title='bbox 125 2657 281 2736; x_wconf 87' lang='lat' dir='ltr'>visitare,</span> <span class='ocrx_word' id='word_1_94' title='bbox 302 2677 435 2744; x_wconf 73' lang='lat' dir='ltr'>eosque</span> <span class='ocrx_word' id='word_1_95' title='bbox 450 2656 587 2724; x_wconf 91' lang='lat' dir='ltr'>hortari</span> <span class='ocrx_word' id='word_1_96' title='bbox 603 2660 645 2723; x_wconf 92' lang='lat' dir='ltr'>ut</span> <span class='ocrx_word' id='word_1_97' title='bbox 659 2656 728 2723; x_wconf 92' lang='lat' dir='ltr'>hoc</span> <span class='ocrx_word' id='word_1_98' title='bbox 753 2657 1023 2725; x_wconf 85' lang='lat' dir='ltr'>Sacramentum</span> <span class='ocrx_word' id='word_1_99' title='bbox 1048 2681 1125 2727; x_wconf 91' lang='lat' dir='ltr'>sus-</span> 
     </span>
     <span class='ocr_line' id='line_1_19' title="bbox 126 2777 1120 2867; baseline 0.003 -21"><span class='ocrx_word' id='word_1_100' title='bbox 126 2778 272 2867; x_wconf 86' lang='lat' dir='ltr'>cipiant,</span> <span class='ocrx_word' id='word_1_101' title='bbox 292 2777 382 2846; x_wconf 90' lang='lat' dir='ltr'>dum</span> <span class='ocrx_word' id='word_1_102' title='bbox 404 2779 515 2866; x_wconf 88' lang='lat' dir='ltr'>pleno</span> <span class='ocrx_word' id='word_1_103' title='bbox 537 2778 659 2845; x_wconf 91' lang='lat' dir='ltr'>adhuc</span> <span class='ocrx_word' id='word_1_104' title='bbox 680 2779 843 2866; x_wconf 86' lang='lat' dir='ltr'>gaudent</span> <span class='ocrx_word' id='word_1_105' title='bbox 863 2797 937 2846; x_wconf 68' lang='lat' dir='ltr'>‘usu</span> <span class='ocrx_word' id='word_1_106' title='bbox 960 2781 1120 2865; x_wconf 87' lang='lat' dir='ltr'>rationis,</span> 
     </span>
     <span class='ocr_line' id='line_1_20' title="bbox 127 2898 1120 2988; baseline 0.004 -21"><span class='ocrx_word' id='word_1_107' title='bbox 127 2919 203 2986; x_wconf 91' lang='lat' dir='ltr'>quo</span> <span class='ocrx_word' id='word_1_108' title='bbox 227 2898 429 2965; x_wconf 88' lang='lat' dir='ltr'>uberiorem</span> <span class='ocrx_word' id='word_1_109' title='bbox 461 2898 543 2986; x_wconf 86' lang='lat' dir='ltr'>ejus</span> <span class='ocrx_word' id='word_1_110' title='bbox 573 2898 736 2967; x_wconf 90' lang='lat' dir='ltr'>fructum</span> <span class='ocrx_word' id='word_1_111' title='bbox 758 2899 944 2987; x_wconf 89' lang='lat' dir='ltr'>percipere</span> <span class='ocrx_word' id='word_1_112' title='bbox 967 2902 1120 2988; x_wconf 86' lang='lat' dir='ltr'>possint.</span> 
     </span>
     <span class='ocr_line' id='line_1_21' title="bbox 129 3018 502 3089; baseline -0.005 -1"><span class='ocrx_word' id='word_1_113' title='bbox 129 3021 233 3089; x_wconf 78' lang='lat' dir='ltr'>Oonc.</span> <span class='ocrx_word' id='word_1_114' title='bbox 249 3018 359 3088; x_wconf 79' lang='lat' dir='ltr'>Pleu.</span> <span class='ocrx_word' id='word_1_115' title='bbox 375 3039 412 3087; x_wconf 85' lang='lat' dir='ltr'>n.</span> <span class='ocrx_word' id='word_1_116' title='bbox 429 3024 502 3088; x_wconf 83' lang='lat'><strong>306.</strong></span> 
     </span>
    </p>
   </div>
   <div class='ocr_carea' id='block_1_10' title="bbox 126 3171 1128 3741">
    <p class='ocr_par' dir='ltr' id='par_1_10' title="bbox 126 3171 1128 3741">
     <span class='ocr_line' id='line_1_22' title="bbox 171 3171 1125 3261; baseline 0.006 -23"><span class='ocrx_word' id='word_1_117' title='bbox 171 3177 223 3239; x_wconf 90' lang='grc'>68.</span> <span class='ocrx_word' id='word_1_118' title='bbox 247 3171 409 3240; x_wconf 85' lang='lat' dir='ltr'>Maxime</span> <span class='ocrx_word' id='word_1_119' title='bbox 433 3177 557 3240; x_wconf 90' lang='lat' dir='ltr'>caveat</span> <span class='ocrx_word' id='word_1_120' title='bbox 589 3172 721 3241; x_wconf 88' lang='lat' dir='ltr'>Pastor</span> <span class='ocrx_word' id='word_1_121' title='bbox 743 3193 767 3240; x_wconf 88' lang='lat' dir='ltr'>a</span> <span class='ocrx_word' id='word_1_122' title='bbox 791 3175 969 3261; x_wconf 86' lang='lat' dir='ltr'>negandis</span> <span class='ocrx_word' id='word_1_123' title='bbox 992 3176 1030 3242; x_wconf 93' lang='lat' dir='ltr'>in</span> <span class='ocrx_word' id='word_1_124' title='bbox 1056 3197 1125 3244; x_wconf 89' lang='lat' dir='ltr'>suo</span> 
     </span>
     <span class='ocr_line' id='line_1_23' title="bbox 127 3290 1126 3362; baseline 0.001 -1"><span class='ocrx_word' id='word_1_125' title='bbox 127 3293 294 3361; x_wconf 88' lang='lat' dir='ltr'>districtu</span> <span class='ocrx_word' id='word_1_126' title='bbox 321 3293 462 3360; x_wconf 88' lang='lat' dir='ltr'>ultimis</span> <span class='ocrx_word' id='word_1_127' title='bbox 490 3290 730 3359; x_wconf 76' lang='lat' dir='ltr'>Sacramentis</span> <span class='ocrx_word' id='word_1_128' title='bbox 756 3292 872 3359; x_wconf 90' lang='lat' dir='ltr'>cuivis</span> <span class='ocrx_word' id='word_1_129' title='bbox 905 3294 1126 3362; x_wconf 90' lang='lat' dir='ltr'>moribundo</span> 
     </span>
     <span class='ocr_line' id='line_1_24' title="bbox 127 3411 1123 3501; baseline -0.002 -18"><span class='ocrx_word' id='word_1_130' title='bbox 127 3414 198 3483; x_wconf 91' lang='lat' dir='ltr'>sub</span> <span class='ocrx_word' id='word_1_131' title='bbox 221 3415 403 3501; x_wconf 76' lang='lat' dir='ltr'>praetextu</span> <span class='ocrx_word' id='word_1_132' title='bbox 431 3411 542 3499; x_wconf 89' lang='lat' dir='ltr'>quod,</span> <span class='ocrx_word' id='word_1_133' title='bbox 570 3411 724 3478; x_wconf 88' lang='lat' dir='ltr'>avaritia</span> <span class='ocrx_word' id='word_1_134' title='bbox 747 3411 892 3495; x_wconf 87' lang='lat' dir='ltr'>ductus,</span> <span class='ocrx_word' id='word_1_135' title='bbox 923 3433 1123 3500; x_wconf 88' lang='lat' dir='ltr'>numquam</span> 
     </span>
     <span class='ocr_line' id='line_1_25' title="bbox 126 3530 1128 3620; baseline 0.002 -21"><span class='ocrx_word' id='word_1_136' title='bbox 126 3531 269 3620; x_wconf 88' lang='lat' dir='ltr'>aliquid</span> <span class='ocrx_word' id='word_1_137' title='bbox 283 3530 518 3600; x_wconf 91' lang='lat' dir='ltr'>contribuerit</span> <span class='ocrx_word' id='word_1_138' title='bbox 531 3531 570 3598; x_wconf 92' lang='lat' dir='ltr'>in</span> <span class='ocrx_word' id='word_1_139' title='bbox 583 3530 787 3599; x_wconf 89' lang='lat' dir='ltr'>subsidium</span> <span class='ocrx_word' id='word_1_140' title='bbox 801 3530 962 3600; x_wconf 87' lang='lat' dir='ltr'>ecclesiae</span> <span class='ocrx_word' id='word_1_141' title='bbox 974 3533 1031 3600; x_wconf 91' lang='lat' dir='ltr'>vel</span> <span class='ocrx_word' id='word_1_142' title='bbox 1041 3532 1128 3601; x_wconf 92' lang='lat' dir='ltr'>Pas·</span> 
     </span>
     <span class='ocr_line' id='line_1_26' title="bbox 126 3650 1126 3741; baseline 0.001 -20"><span class='ocrx_word' id='word_1_143' title='bbox 126 3652 227 3737; x_wconf 88' lang='lat' dir='ltr'>toris,</span> <span class='ocrx_word' id='word_1_144' title='bbox 257 3651 438 3739; x_wconf 90' lang='lat' dir='ltr'>siquidem</span> <span class='ocrx_word' id='word_1_145' title='bbox 469 3652 563 3720; x_wconf 90' lang='lat' dir='ltr'>nulli</span> <span class='ocrx_word' id='word_1_146' title='bbox 592 3651 783 3719; x_wconf 91' lang='lat' dir='ltr'>hominum</span> <span class='ocrx_word' id='word_1_147' title='bbox 808 3650 915 3718; x_wconf 89' lang='lat' dir='ltr'>etiam</span> <span class='ocrx_word' id='word_1_148' title='bbox 944 3655 1126 3741; x_wconf 91' lang='lat' dir='ltr'>peccatori</span> 
     </span>
    </p>
   </div>
   <div class='ocr_carea' id='block_1_11' title="bbox 0 0 1260 4260">
    <p class='ocr_par' dir='ltr' id='par_1_11' title="bbox 0 0 1260 4260">
     <span class='ocr_line' id='line_1_27' title="bbox 0 0 1260 4260; baseline 0 0"><span class='ocrx_word' id='word_1_149' title='bbox 0 0 1260 4260; x_wconf 95' lang='lat' dir='ltr'> </span> 
     </span>
    </p>
   </div>
  </div>
 </body>
</html>
