2512 4260
422 340 534 388 innan
555 340 825 388 nnrnrsmmus
1081 330 1120 393 13

166 504 323 567 Salarium
338 507 517 586 pastoribus
531 507 745 569 constitutum
768 511 815 570 est
834 507 920 570 mille
936 512 1039 572 scuta·
1060 483 1119 533 m·

204 591 321 647 torum.
344 590 411 648 129.

166 667 340 729 Pecuniam
353 687 410 748 pro
433 688 464 730 se
479 668 625 749 colligere
639 672 754 748 praeter
767 669 914 732 collectas
928 671 1041 734 tolera·

204 752 262 821 tas,
277 753 428 810 vetantur
443 750 596 814 Pastores.
620 753 687 812 130.

166 828 335 889 Rationem
364 849 505 892 annuam
530 831 682 913 pecuniae,
705 832 777 891 tum
804 835 945 911 recepta,
969 834 1041 894 tum

166 911 867 1056 shutrestitutitthalli.
889 993 1042 1057 paras

207 1069 350 1143 Quando.
374 1075 441 1133 132.

165 1151 196 1210 A
211 1169 268 1213 suo
283 1151 429 1214 districtu
454 1157 559 1217 abesse
581 1173 647 1216 non
661 1156 797 1234 possunt
818 1153 995 1216 Dominicis
1009 1158 1042 1217 et

207 1230 316 1294 diebus
330 1233 420 1295 festis
435 1234 473 1296 de
488 1237 651 1315 praeopto.
675 1237 742 1296 108.

171 1311 287 1375 Cratero
301 1315 372 1375 cide
385 1315 423 1375 ia
436 1318 537 1379 uerbis
548 1317 700 1390 Guuarcl,
711 1314 937 1391 Snoauoorus
946 1315 1043 1378 Pam·

207 1409 403 1457 morsurus.

126 1525 278 1587 Pinum
286 1571 979 1590 ...................................
1007 1530 1125 1608 8seqq.

166 1604 261 1668 Unus
276 1606 325 1667 vel
340 1626 406 1668 una
419 1607 574 1669 habeatur
587 1607 622 1669 in
638 1607 802 1688 Baptismo
817 1607 958 1669 solemni.
981 1610 1008 1670 9.

167 1685 282 1761 Quales
306 1707 370 1749 esse
393 1688 536 1763 debeant,
558 1693 590 1749 et
612 1688 745 1769 quinam
769 1687 982 1750 excludantur
1003 1689 1043 1750 ab

208 1766 268 1828 hoc
283 1787 422 1829 munere.
444 1772 491 1830 34.

167 1848 208 1908 In
223 1847 387 1927 Baptismo
402 1849 578 1911 infantium
592 1847 843 1911 acatholicorum
853 1848 977 1911 Patrini
992 1849 1044 1911 de·

207 1929 284 1989 bent
298 1948 363 1991 esse
378 1930 545 1992 Catholici.
568 1933 615 1993 21.

168 2009 208 2069 ln
224 2009 472 2072 Confirmatione
487 2010 709 2076 adhibeantur.
733 2013 782 2071 38.

127 2161 295 2225 Plraous
310 2162 517 2226 Drorcusuos.
560 2165 637 2227 Vide
652 2163 777 2226 Marna
796 2163 919 2227 Visos.

127 2322 313 2385 Parnonus
344 2371 1036 2389 ...................................
1085 2328 1126 2389 28

168 2403 300 2466 Festum
315 2404 446 2466 Patroni
461 2404 661 2467 ecclesiarum
677 2406 911 2467 celebrandum.
934 2409 1001 2467 104.

127 2536 311 2598 Pronurus
324 2582 1037 2600 ....................................
1085 2539 1126 2599 34

170 2615 277 2678 Gratis
291 2617 491 2698 sepeliantur.
514 2621 581 2679 121.

128 2778 347 2840 Pnccnnoass
364 2823 1035 2842 ..................................
1084 2780 1125 2841 34

168 2860 410 2940 Impoenitentes
431 2859 600 2940 privantur
634 2858 843 2921 ecclesiastica
870 2859 1043 2939 sepultura.

170 2945 300 3082 Prililice
310 3021 476 3162 3opiminosi
491 3021 706 3083 excluduntur
720 3040 740 3082 a
753 3039 884 3082 munere
896 3019 1042 3083 Patrino·

208 3120 290 3162 rum.
351 3145 359 3162 .

129 3216 358 3279 Pusnmuurm
365 3259 1037 3280 .................................
1085 3220 1123 3278 16

130 3358 132 3367 ,
171 3295 243 3356 Ηοο
279 3293 518 3355 Sacramentum
554 3314 671 3374 magna
705 3313 782 3356 cura
816 3294 1041 3358 administran-

211 3375 298 3436 dum.
325 3377 372 3439 57.
458 3375 534 3436 Vide
550 3374 813 3438 Gonnussnmus

130 3542 309 3605 Pourmnx
327 3536 499 3599 Ronanus
506 3580 1035 3601 ...........................
1104 3541 1123 3602 3

172 3618 401 3691 Reverentiam,
430 3616 640 3678 obedientiam
675 3619 707 3678 et
742 3616 942 3680 devotionem
969 3637 1044 3700 erga

212 3701 362 3764 Sanctam
386 3698 496 3761 Sedem
520 3698 691 3761 exhibeant
715 3718 833 3774 omnes,
848 3702 880 3761 et
898 3698 1042 3762 Romano
