2512 4260
165 333 204 390 20
320 342 450 388 eunom
473 340 800 386 osnnnsauaenums
823 339 836 384 1
858 339 1016 384 eranum.

165 515 244 581 haec
268 518 341 579 tam
364 511 565 578 necessaria
588 510 750 577 subsidia
765 510 803 575 in
819 509 988 576 extremis
1003 509 1166 577 Ecclesia

166 635 356 721 diligenter
371 654 444 699 non
460 634 663 720 praesentet.
711 631 817 698 Ibid.

210 831 261 892 69.
278 826 335 891 Ne
346 845 430 891 vero
441 823 577 905 fideles,
588 823 696 890 minis
707 823 895 907 perterriti,
904 823 942 889 in
955 823 1065 890 simili
1077 843 1165 890 casu
1191 882 1198 894 .

167 968 240 1013 non
255 945 415 1012 audeant
430 945 606 1010 advocare
622 942 822 1023 Pastorem,
834 963 1032 1029 numquam
1051 964 1070 1010 e
1086 965 1168 1030 sug-

166 1072 270 1156 gestu
294 1070 359 1134 aut
383 1065 470 1131 alibi
496 1065 692 1151 exigantur
722 1064 854 1131 debitae
881 1064 1167 1132 contributiones

169 1210 233 1276 per
256 1185 569 1254 comminationem
592 1184 846 1271 delinquentes
867 1184 971 1251 aliter
986 1185 1025 1250 in
1040 1186 1169 1252 mortis

167 1313 258 1379 hora
273 1310 512 1377 Sacramentis
527 1307 698 1375 Ecclesiae
713 1307 897 1394 privatum
913 1308 968 1374 iri.

211 1505 263 1567 70.
289 1498 326 1564 si
349 1497 442 1564 forte
470 1495 654 1565 Sacerdoti
677 1499 830 1582 aegrotos
860 1494 1031 1562 invisenti
1059 1495 1170 1562 conti-

168 1616 260 1704 gerit
279 1615 366 1681 dare
390 1613 584 1680 consilium
611 1613 657 1679 de
681 1634 800 1680 rerum
823 1613 1079 1701 temporalium
1096 1614 1168 1681 dis·

169 1735 422 1823 ponendarum
447 1733 596 1815 ratione,
621 1752 732 1819 quam
761 1733 922 1800 maxima
948 1736 1072 1800 caveat
1095 1753 1170 1800 non

169 1860 311 1924 tantum
337 1876 360 1921 a
383 1859 497 1937 reatu,
517 1854 581 1921 sed
605 1855 661 1921 vel
686 1855 732 1921 ab
764 1855 848 1942 ipsa
877 1855 977 1922 omni
1006 1856 1170 1924 avaritiae

170 1978 288 2066 specie
304 1981 340 2045 et
355 1975 572 2063 suspicione.
618 1975 721 2043 Onus
733 1980 852 2043 autem
876 1976 1000 2064 ipsum
1017 1977 1093 2043 sive
1107 1977 1168 2043 de-

170 2098 350 2168 scribendi
366 2097 440 2164 sive
452 2096 662 2184 exequendi
683 2100 939 2164 testamentum
963 2101 1171 2164 constanter

170 2221 320 2302 recuset,
340 2237 459 2304 neque
474 2236 650 2303 uuquam,
670 2216 741 2283 nisi
755 2216 968 2304 gravissima
982 2217 1028 2283 de
1044 2237 1166 2301 causa,

170 2342 377 2432 puellarum
389 2339 541 2407 tutelam
553 2339 591 2405 in
604 2359 641 2406 se
654 2339 838 2426 suscipere
851 2339 1061 2406 consentiat.
1093 2338 1170 2427 tyr.

175 2463 277 2531 Ooac.
294 2460 446 2529 Pleaa.
463 2462 537 2526 157.

552 2718 714 2786 CAPUT
740 2717 786 2786 X.

551 2894 603 2942 nn
626 2893 785 2942 camna.

214 3037 267 3101 71.
288 3033 474 3113 Quantum
489 3033 528 3099 in
544 3053 582 3100 se
597 3035 661 3115 est,
675 3033 884 3101 Sacerdotes
898 3033 1051 3121 gratiam
1066 3054 1174 3102 voca-

172 3153 347 3223 tionisad
363 3158 497 3222 statum
515 3152 773 3220 sacerdotalem
795 3153 834 3220 in
851 3155 1052 3241 Juveuibus
1074 3156 1174 3243 aptis

172 3279 208 3343 et
232 3273 353 3360 dignis
379 3274 529 3367 foveant
556 3277 668 3360 atque
698 3278 944 3361 promoveant.
997 3273 1173 3345 Parentes

172 3413 321 3481 quoque
337 3399 504 3461 accurate
527 3395 573 3461 de
595 3394 783 3464 vocatione
805 3394 1046 3463 ecclesiastica
1066 3396 1171 3464 doce-

171 3517 244 3597 ant,
265 3533 310 3580 ne
324 3513 374 3580 ad
396 3515 511 3581 altare
532 3513 675 3602 indigni
697 3514 881 3598 sistantur,
902 3518 968 3582 aut
983 3515 1101 3581 vocati
1123 3516 1172 3583 ab

172 3636 279 3702 altari
294 3639 512 3704 avertantur.
560 3636 663 3705 Ooac.
679 3636 784 3704 Pleu.
803 3655 842 3704 a.
863 3638 936 3720 175,
957 3656 1049 3722 seqq.
