2512 4260
172 307 212 366 22
328 318 459 365 SYNODI
481 319 809 366 OGDENSBURGENSIS
831 320 844 365 1
866 321 1020 367 STATUTA.

215 489 268 553 76.
292 485 449 553 Tenetur
464 485 646 566 Sacerdos,
658 487 875 573 priusquam
887 488 1020 574 jungat
1035 493 1173 556 eontra

173 608 310 693 hentes,
331 609 461 676 sedulo
484 607 699 694 investigare
722 628 810 674 num
827 608 980 695 aliquod
996 609 1087 676 inter
1109 631 1173 678 eos

173 735 306 801 existat
330 733 545 821 canonicum
568 734 878 822 impedimentum,
904 735 1018 823 idque
1043 739 1173 825 majori

172 860 297 928 adhuc
345 860 533 946 diligentia
571 853 743 948 quande
767 862 990 950 dispensatio
1025 865 1172 932 obtenta

172 981 340 1049 fueritin
366 983 570 1049 bannorum
594 982 888 1069 proclamatione.
939 985 1040 1052 Oorcc.
1057 984 1167 1053 Plan.

172 1122 209 1170 11.
226 1105 299 1169 328.
526 1097 530 1104 '

214 1265 267 1326 77.
291 1258 415 1340 Quum
430 1259 654 1347 experientia
669 1260 886 1346 quotidiana
898 1262 1026 1329 doceat
1037 1262 1171 1331 banno-

171 1400 254 1446 rum
270 1378 589 1466 proclamationem
614 1379 879 1465 sapientissime
898 1380 1011 1447 fuisse
1026 1381 1170 1449 iustitu-

171 1503 255 1579 tam,
264 1499 400 1586 regulis
413 1499 561 1565 eadere
574 1498 779 1585 vigentibus
790 1499 945 1566 fideliter
959 1500 1173 1569 adhaereant

175 1618 395 1684 Sacerdotes.
440 1617 508 1685 Ter
533 1617 658 1704 itaque
682 1619 917 1706 publicentur
942 1621 981 1686 in
1011 1622 1172 1689 ecclesiis

172 1736 238 1803 ubi
253 1736 368 1803 Missa
384 1736 540 1823 singulis
556 1735 749 1803 dominicis
765 1738 991 1822 celebratur3
1013 1739 1070 1806 bis
1085 1761 1172 1807 vero

171 1857 208 1923 in
225 1856 386 1925 ecclesiis
412 1857 479 1923 ubi
505 1856 620 1924 Missa
644 1857 792 1923 alternis
819 1860 960 1925 tantum
980 1859 1171 1928 dominicis

171 1974 348 2058 habetur;
388 1974 427 2041 in
451 1975 612 2042 ecclesiis
635 1979 758 2042 autem
778 1977 836 2043 vel
861 1977 1080 2045 stationibus
1106 1980 1171 2046 ubi

171 2096 287 2165 Missa
302 2096 412 2164 semel
429 2102 571 2165 tantum
587 2098 626 2163 in
646 2118 769 2164 mense
792 2102 857 2166 aut
882 2100 1001 2166 rarius
1016 2101 1170 2168 celebra-

171 2222 240 2300 tur,
258 2238 332 2285 una
347 2221 489 2285 tantum
506 2220 745 2306 proclamatio
762 2226 816 2287 est
839 2220 1013 2288 facienda.
1064 2223 1167 2290 Coae.

171 2337 280 2406 Pleo.
297 2358 362 2406 1111.
382 2343 456 2416 331,
477 2358 569 2424 seqq.

214 2517 266 2580 78.
286 2512 444 2594 Quando
456 2514 541 2580 duae
553 2514 611 2580 vel
623 2517 695 2580 tres
707 2518 826 2581 essent
840 2514 1017 2581 faciendae
1032 2515 1173 2601 procla-

170 2635 359 2717 mationes,
378 2635 614 2722 indulgemus
630 2638 682 2718 ut,
703 2635 734 2702 si
750 2635 846 2702 adsit
861 2656 973 2702 causa
988 2635 1172 2703 sufficiens

172 2758 207 2822 et
222 2776 366 2842 urgens,
387 2756 542 2841 quilibet
569 2755 743 2822 Sacerdos
768 2755 977 2843 dispensare
992 2757 1110 2843 possit
1125 2758 1172 2824 ab

172 2898 247 2945 uua
261 2878 555 2965 proclamatione.
600 2868 775 2945 Attamen
789 2878 875 2945 facti
890 2879 1019 2945 notitia
1034 2882 1070 2945 et
1085 2879 1172 2946 elee-

172 3018 327 3086 mosyna
351 3001 526 3068 consueta
551 3002 657 3066 erunt
679 3003 808 3087 postea
833 2999 882 3066 ad
906 2999 1172 3069 cancellarium

172 3118 368 3185 mittendae.

216 3278 268 3341 79.
295 3274 457 3342 Maxime
486 3276 678 3342 amovendi
708 3279 795 3343 sunt
824 3276 949 3343 fideles
979 3288 1001 3342 a
1031 3278 1171 3342 contra-

173 3394 295 3462 hendo
322 3395 554 3463 Matrimonio
577 3395 892 3483 Quadragesimali
916 3397 974 3463 vel
998 3396 1070 3462 alio
1087 3400 1173 3462 tern-

174 3538 271 3604 pore,
288 3519 426 3605 quibus
441 3519 664 3587 Matrimonii
687 3520 931 3587 solemnitates
947 3519 994 3584 ab
1009 3517 1172 3585 Ecclesia

173 3639 422 3725 prohibentur.
488 3640 525 3706 Si
562 3660 652 3706 vero·
684 3639 922 3706 nihilominus
959 3638 1170 3705 contrahere
