2512 4260
458 315 502 360 na
524 314 633 360 ounru
655 314 791 360 n1v1uo.
1085 302 1125 364 27

128 483 195 550 ubi
210 502 295 550 vera
309 481 433 549 existit
446 481 651 549 necessitas.
701 480 863 579 Singulis
880 481 1006 547 saltem
1022 481 1127 548 annis

126 603 182 669 est
202 601 419 668 renovanda.
473 602 693 669 Annect'tur
715 604 837 667 autem
860 621 933 667 non
955 601 1036 668 loco
1059 604 1126 669 aut

126 721 298 804 ecclesiae,
339 720 403 789 sed
450 739 617 809 personae
658 720 719 789 cui
757 720 977 788 conceditur.
1038 721 1127 807 Spa.

128 842 214 910 Alo.
240 843 295 910 II.

167 1050 219 1114 93.
245 1046 397 1127 Quoties
422 1047 507 1134 quis
531 1047 633 1114 binat
659 1068 706 1115 ex
739 1048 915 1116 facultate
943 1067 1125 1132 concessa,

125 1170 294 1252 celebret,
318 1169 382 1237 ubi
404 1168 443 1236 id
463 1169 542 1236 fieri
564 1173 693 1257 potest,
718 1170 757 1235 in
778 1170 931 1237 diversis
953 1168 1126 1249 ecclesiis,

128 1291 194 1355 aut
209 1289 335 1357 saltem
352 1289 390 1354 in
406 1289 558 1356 diversis
572 1290 760 1357 altaribus.
810 1290 899 1378 Spa.
916 1289 997 1357 Aio.
1015 1289 1070 1356 II.

173 1514 225 1577 94.
251 1509 473 1593 Sacerdotes,
508 1509 689 1596 quamdiu
728 1510 879 1578 Missam
913 1510 1042 1598 legunt
1071 1509 1130 1577 vel

130 1635 276 1716 canunt,
318 1651 521 1719 numquam
559 1633 605 1699 ab
643 1633 749 1699 altari
787 1632 1018 1717 descendant,
1059 1632 1131 1700 nisi

129 1753 280 1841 quando
309 1753 349 1819 id
379 1753 555 1840 permittit
585 1753 756 1837 Rubrica,
791 1754 948 1841 ideoque
982 1754 1130 1822 omnino

129 1876 296 1940 vetamus
333 1892 378 1939 ne
415 1872 510 1939 inter
545 1872 743 1940 Missarnm
774 1874 1053 1940 celebrationem
1083 1873 1130 1941 ab

128 1995 235 2062 altari
257 1995 446 2062 discedant
468 1994 517 2060 ad
539 1997 810 2081 eleemosynam
833 2016 856 2062 a
875 1995 1046 2064 fidelibus
1069 2018 1129 2083 pe-

129 2115 277 2182 tendam
313 2117 379 2182 aut
415 2115 506 2202 quid
545 2115 662 2183 simile
697 2117 956 2204 peragendum.
1023 2116 1127 2185 Oooc.

130 2235 238 2304 Pleu.
259 2255 296 2302 a.
314 2237 388 2302 364.

174 2425 226 2490 95.
251 2423 296 2489 In
320 2422 389 2489 hac
415 2422 585 2507 Dioecesi,
605 2424 848 2510 praesentibus
872 2423 912 2490 in
932 2424 1126 2511 adjunctis,

131 2545 355 2632 stipendium
372 2565 440 2632 pro
455 2545 568 2612 Missa
583 2546 727 2632 privata
742 2549 797 2612 est
813 2565 929 2612 unum
946 2548 1130 2613 scutatum

131 2665 291 2753 (dcitur).
342 2666 445 2734 Coae.
464 2667 573 2734 Plen.
591 2687 628 2734 a.
647 2669 720 2733 369.

175 2856 227 2919 96.
252 2853 352 2920 Inter
368 2853 579 2920 Sacerdotes
603 2873 676 2920 non
700 2856 786 2921 sunt
808 2854 1061 2941 permutanda
1078 2854 1131 2921 in-

131 2972 309 3039 tentiones
334 2972 541 3057 Missurum,
561 2973 633 3042 nisi
659 2973 768 3040 simul
793 2977 1047 3060 permutentur
1072 2973 1131 3040 sti-

132 3093 278 3181 pendia.

177 3284 229 3348 97.
253 3280 392 3348 Nullus
414 3280 649 3350 Sacerdotum
672 3283 803 3369 quovis
823 3283 931 3349 titulo
954 3286 1019 3349 aut
1041 3301 1132 3369 prae·

134 3406 239 3471 textu
262 3402 413 3469 Missam
436 3401 624 3469 continuet
640 3403 821 3471 submissa
835 3423 932 3487 voce,
954 3404 1133 3490 quamdiu

137 3523 267 3593 Gloria
279 3527 315 3590 et
326 3523 440 3591 Credo
453 3525 693 3592 decantantur
707 3524 746 3590 in
763 3523 883 3593 choro.
924 3524 1027 3593 Ooac.
1041 3525 1133 3594 Neo·

135 3645 282 3713 Ebora.
301 3646 380 3712 III.
397 3646 505 3714 Decr.
522 3649 553 3713 2.
