2512 4260
132 334 150 393 6
283 347 413 395 SYNODI
434 349 761 397 OGDENSBURGENSIS
783 351 797 395 Ι
819 351 976 396 smum.

175 520 226 582 18.
250 515 455 583 Honoraria
470 518 515 584 ab
531 518 660 585 alienis
683 518 915 606 parochianis
941 518 1005 585 tali
1029 520 1133 585 mini·

132 644 271 712 strandi
294 646 481 712 occasione
497 647 619 713 oblata
638 646 789 734 proprio
811 647 1021 714 eorumdem
1044 646 1131 714 Pas-

131 777 202 841 tori
217 773 326 841 ticcio
340 773 507 858 y'ustc'tc'oe
530 773 567 840 in
584 774 765 860 integrum
780 774 924 841 restitui
943 774 1131 860 jubemus.

174 966 225 1027 19.
243 961 398 1042 Quando
413 961 642 1028 Sacramenta
653 961 690 1027 in
703 962 862 1028 ecelesiis
874 965 940 1028 aut
950 981 997 1028 cx
1013 981 1120 1029 neces

131 1082 236 1150 sitate
250 1083 289 1148 in
308 1083 467 1179 propriis
483 1082 626 1150 aedibus
654 1081 857 1149 Sacerdotis
880 1082 1126 1167 conferuntur,

130 1205 301 1270 volumus
324 1207 367 1270 ut
389 1203 499 1270 vestis
514 1203 639 1270 talaris
655 1206 691 1269 et
707 1202 1010 1290 superpelliceum
1027 1202 1129 1269 adhi-

127 1323 334 1389 beantur
298 1343 317 1390 e
319 1303 509 1409 tdesuper
524 1322 618 1389 stola
637 1323 720 1408 ejus
736 1321 868 1388 coloris
885 1341 993 1408 quem
1007 1321 1130 1388 Sacra·

129 1442 302 1508 mentirit
304 1463 347 1508 us
363 1442 539 1529 exposcit.
516 1440 692 1508 t.Oortc
709 1440 815 1508 Pleu.
835 1460 899 1508 uc.
917 1443 989 1523 149,
1007 1444 1080 1506 293.

172 1650 223 1712 20.
255 1647 436 1728 Quando
426 1668 464 1713 m
481 1647 623 1715 aedibus
637 1649 758 1736 privat
758 1648 790 1715 is
743 1648 1043 1715 tSacramenta
1065 1649 1129 1716 ad·

127 1770 388 1854 ministrantur,
416 1771 542 1837 eadem
570 1791 671 1837 sacra
702 1771 925 1854 indumenta,
947 1779 1129 1858 quantum

126 1895 204 1961 fieri
227 1895 368 1982 poterit,
388 1896 653 1979 adhibeantur3
690 1898 783 1964 stola
807 1884 934 1964 saltem
964 1898 1002 1964 in
1029 1900 1129 1966 omni

127 2036 215 2083 casu
243 2016 435 2100 deferatur,
463 2017 533 2084 nisi
557 2017 751 2084 necessitas
774 2017 812 2084 id
839 2039 990 2106 prorsus
1014 2019 1128 2106 impe-

127 2136 212 2203 diat.

169 2328 221 2390 21.
253 2326 390 2393 Curent
412 2324 583 2393 Pastores
615 2328 657 2393 ut
680 2325 768 2392 Olea
791 2347 891 2393 sacra
913 2327 1066 2398 FeriaV
1089 2329 1128 2396 in

127 2446 241 2515 Ooena
256 2446 405 2512 Domini
426 2447 622 2534 quotannis
644 2448 690 2514 ab
713 2446 895 2534 Episcopo
920 2453 1129 2516 consecrata

124 2567 400 2654 quamprimum
423 2567 592 2649 habeant,
612 2569 648 2634 et
670 2570 758 2634 tunc
777 2570 898 2634 vetera
913 2568 1126 2635 comburan-

125 2687 196 2752 tur.
242 2683 319 2751 Bit.
336 2685 443 2752 Rom.
460 2684 578 2752 Rudr.
595 2685 754 2771 peccel.

169 2871 220 2935 22.
252 2868 295 2934 In
320 2870 450 2956 quavis
467 2870 781 2936 Sacramentorum
797 2868 1121 2958 administratione,

127 2989 276 3056 Rituale
291 2988 511 3072 Romanum,
539 2990 647 3076 cujus
670 2989 787 3056 omnis
812 2989 987 3057 Sacerdos
1010 2993 1125 3078 possi-

125 3109 211 3175 dere
234 3108 379 3175 deberet
401 3109 597 3195 exemplar,
617 3111 683 3175 aut
713 3109 839 3175 saltem
867 3111 1126 3197 compendium

126 3230 302 3317 ejusdem,
312 3228 521 3296 Baltimorae
536 3227 676 3294 editum
692 3232 761 3296 eta
777 3230 947 3317 pluribus
963 3232 1126 3301 conciliis

125 3346 379 3434 approbatum,
399 3345 525 3412 nullus
548 3365 621 3411 non
639 3344 912 3433 diligentissime
936 3352 1122 3434 sequatur.

170 3549 222 3613 23.
240 3545 450 3614 Sacerdotes
465 3566 600 3629 omnes
617 3547 753 3633 quibus
768 3547 950 3615 missionis
965 3549 1125 3636 alicujus

128 3688 216 3736 cura
231 3668 424 3735 commissa
439 3671 502 3750 est,
518 3667 633 3735 libros
649 3668 783 3736 habere
797 3669 932 3737 debent
954 3670 993 3736 in
1016 3670 1124 3739 Ritu-
