<?xml version="1.0" encoding="UTF-8"?>
<!DOCTYPE html PUBLIC "-//W3C//DTD XHTML 1.0 Transitional//EN"
    "http://www.w3.org/TR/xhtml1/DTD/xhtml1-transitional.dtd">
<html xmlns="http://www.w3.org/1999/xhtml" xml:lang="en" lang="en">
 <head>
  <title>
</title>
<meta http-equiv="Content-Type" content="text/html;charset=utf-8" />
  <meta name='ocr-system' content='tesseract 3.04.00' />
  <meta name='ocr-capabilities' content='ocr_page ocr_carea ocr_par ocr_line ocrx_word'/>
</head>
<body>
  <div class='ocr_page' id='page_1' title='image "./statutadioecese00diocgoog_0038.png"; bbox 0 0 2512 4260; ppageno 0'>
   <div class='ocr_carea' id='block_1_1' title="bbox 320 313 1095 376">
    <p class='ocr_par' dir='ltr' id='par_1_1' title="bbox 320 313 1095 376">
     <span class='ocr_line' id='line_1_1' title="bbox 320 313 1095 376; baseline -0.004 0"><span class='ocrx_word' id='word_1_1' title='bbox 320 332 364 376; x_wconf 82' lang='lat' dir='ltr'>uu</span> <span class='ocrx_word' id='word_1_2' title='bbox 386 330 614 376; x_wconf 70' lang='lat' dir='ltr'>srcnrunuro</span> <span class='ocrx_word' id='word_1_3' title='bbox 636 328 873 375; x_wconf 78' lang='lat' dir='ltr'>rmrmnurrm.</span> <span class='ocrx_word' id='word_1_4' title='bbox 1056 313 1095 375; x_wconf 78' lang='grc'>17</span> 
     </span>
    </p>
   </div>
   <div class='ocr_carea' id='block_1_2' title="bbox 52 493 1094 1438">
    <p class='ocr_par' dir='ltr' id='par_1_2' title="bbox 52 493 1094 1438">
     <span class='ocr_line' id='line_1_2' title="bbox 96 493 1094 568; baseline -0.007 -1"><span class='ocrx_word' id='word_1_5' title='bbox 96 499 352 568; x_wconf 87' lang='lat' dir='ltr'>Baltimorensi</span> <span class='ocrx_word' id='word_1_6' title='bbox 383 498 526 565; x_wconf 87' lang='lat' dir='ltr'>decreta</span> <span class='ocrx_word' id='word_1_7' title='bbox 561 497 712 564; x_wconf 83' lang='lat' dir='ltr'>fuerunt</span> <span class='ocrx_word' id='word_1_8' title='bbox 742 496 787 563; x_wconf 90' lang='lat' dir='ltr'>de</span> <span class='ocrx_word' id='word_1_9' title='bbox 825 493 1094 561; x_wconf 88' lang='lat' dir='ltr'>confessionali-</span> 
     </span>
     <span class='ocr_line' id='line_1_3' title="bbox 95 619 1087 706; baseline -0.005 -16"><span class='ocrx_word' id='word_1_10' title='bbox 95 624 167 690; x_wconf 90' lang='lat' dir='ltr'>bus</span> <span class='ocrx_word' id='word_1_11' title='bbox 189 623 227 688; x_wconf 91' lang='lat' dir='ltr'>in</span> <span class='ocrx_word' id='word_1_12' title='bbox 250 621 411 689; x_wconf 85' lang='lat' dir='ltr'>ecclesiis</span> <span class='ocrx_word' id='word_1_13' title='bbox 427 620 617 706; x_wconf 82' lang='lat' dir='ltr'>erigendis,</span> <span class='ocrx_word' id='word_1_14' title='bbox 637 619 862 685; x_wconf 84' lang='lat' dir='ltr'>adamussim</span> <span class='ocrx_word' id='word_1_15' title='bbox 885 625 1087 686; x_wconf 89' lang='lat' dir='ltr'>serventur.</span> 
     </span>
     <span class='ocr_line' id='line_1_4' title="bbox 94 726 1094 830; baseline -0.002 -20"><span class='ocrx_word' id='word_1_16' title='bbox 94 744 226 830; x_wconf 89' lang='lat' dir='ltr'>Itaque</span> <span class='ocrx_word' id='word_1_17' title='bbox 249 742 527 810; x_wconf 83' lang='lat' dir='ltr'>confessionalia</span> <span class='ocrx_word' id='word_1_18' title='bbox 549 742 606 808; x_wconf 89' lang='lat' dir='ltr'>vel</span> <span class='ocrx_word' id='word_1_19' title='bbox 622 742 748 808; x_wconf 88' lang='lat' dir='ltr'>saltem</span> <span class='ocrx_word' id='word_1_20' title='bbox 769 742 965 828; x_wconf 84' lang='lat' dir='ltr'>perforatae</span> <span class='ocrx_word' id='word_1_21' title='bbox 980 726 1094 808; x_wconf 83' lang='lat' dir='ltr'>crates</span> 
     </span>
     <span class='ocr_line' id='line_1_5' title="bbox 52 835 1089 949; baseline -0.003 -19"><span class='ocrx_word' id='word_1_22' title='bbox 52 889 53 892; x_wconf 43' lang='lat'>¹</span> <span class='ocrx_word' id='word_1_23' title='bbox 96 835 218 931; x_wconf 79' lang='lat' dir='ltr'>statim</span> <span class='ocrx_word' id='word_1_24' title='bbox 242 863 428 949; x_wconf 77' lang='lat' dir='ltr'>erigantur</span> <span class='ocrx_word' id='word_1_25' title='bbox 450 862 487 927; x_wconf 92' lang='lat' dir='ltr'>in</span> <span class='ocrx_word' id='word_1_26' title='bbox 503 861 672 928; x_wconf 89' lang='lat' dir='ltr'>omnibus</span> <span class='ocrx_word' id='word_1_27' title='bbox 688 861 847 927; x_wconf 83' lang='lat' dir='ltr'>ecclesiis</span> <span class='ocrx_word' id='word_1_28' title='bbox 863 864 899 927; x_wconf 90' lang='lat' dir='ltr'>et</span> <span class='ocrx_word' id='word_1_29' title='bbox 914 861 1089 944; x_wconf 89' lang='lat' dir='ltr'>oratoriis,</span> 
     </span>
     <span class='ocr_line' id='line_1_6' title="bbox 94 982 1093 1071; baseline -0.003 -19"><span class='ocrx_word' id='word_1_30' title='bbox 94 1006 162 1071; x_wconf 87' lang='lat' dir='ltr'>nec</span> <span class='ocrx_word' id='word_1_31' title='bbox 185 984 346 1071; x_wconf 89' lang='lat' dir='ltr'>amplius</span> <span class='ocrx_word' id='word_1_32' title='bbox 367 986 495 1070; x_wconf 88' lang='lat' dir='ltr'>postea</span> <span class='ocrx_word' id='word_1_33' title='bbox 520 982 589 1049; x_wconf 88' lang='lat' dir='ltr'>ulli</span> <span class='ocrx_word' id='word_1_34' title='bbox 616 982 799 1049; x_wconf 81' lang='lat' dir='ltr'>Sacerdoti</span> <span class='ocrx_word' id='word_1_35' title='bbox 824 983 945 1049; x_wconf 82' lang='lat' dir='ltr'>licebit</span> <span class='ocrx_word' id='word_1_36' title='bbox 960 983 1032 1050; x_wconf 91' lang='lat' dir='ltr'>alio</span> <span class='ocrx_word' id='word_1_37' title='bbox 1054 984 1093 1049; x_wconf 89' lang='lat' dir='ltr'>in</span> 
     </span>
     <span class='ocr_line' id='line_1_7' title="bbox 94 1102 1092 1190; baseline -0.004 -18"><span class='ocrx_word' id='word_1_38' title='bbox 94 1105 177 1172; x_wconf 92' lang='lat' dir='ltr'>loco</span> <span class='ocrx_word' id='word_1_39' title='bbox 200 1103 441 1172; x_wconf 86' lang='lat' dir='ltr'>confessiones</span> <span class='ocrx_word' id='word_1_40' title='bbox 471 1103 637 1189; x_wconf 76' lang='lat' dir='ltr'>excipere</span> <span class='ocrx_word' id='word_1_41' title='bbox 663 1103 856 1169; x_wconf 84' lang='lat' dir='ltr'>mulierum</span> <span class='ocrx_word' id='word_1_42' title='bbox 875 1102 930 1168; x_wconf 91' lang='lat' dir='ltr'>vel</span> <span class='ocrx_word' id='word_1_43' title='bbox 953 1103 1092 1190; x_wconf 84' lang='lat' dir='ltr'>puella-</span> 
     </span>
     <span class='ocr_line' id='line_1_8' title="bbox 93 1225 1093 1312; baseline 0 -19"><span class='ocrx_word' id='word_1_44' title='bbox 93 1248 187 1309; x_wconf 90' lang='lat' dir='ltr'>rum,</span> <span class='ocrx_word' id='word_1_45' title='bbox 204 1226 274 1294; x_wconf 87' lang='lat' dir='ltr'>nisi</span> <span class='ocrx_word' id='word_1_46' title='bbox 289 1227 347 1294; x_wconf 86' lang='lat' dir='ltr'>hae</span> <span class='ocrx_word' id='word_1_47' title='bbox 370 1225 506 1293; x_wconf 88' lang='lat' dir='ltr'>fuerint</span> <span class='ocrx_word' id='word_1_48' title='bbox 521 1228 668 1312; x_wconf 84' lang='lat' dir='ltr'>aegrotae</span> <span class='ocrx_word' id='word_1_49' title='bbox 684 1227 741 1292; x_wconf 86' lang='lat' dir='ltr'>vel</span> <span class='ocrx_word' id='word_1_50' title='bbox 767 1226 888 1292; x_wconf 85' lang='lat' dir='ltr'>surdae</span> <span class='ocrx_word' id='word_1_51' title='bbox 904 1226 959 1292; x_wconf 88' lang='lat' dir='ltr'>vel</span> <span class='ocrx_word' id='word_1_52' title='bbox 986 1229 1093 1293; x_wconf 84' lang='lat' dir='ltr'>aetate</span> 
     </span>
     <span class='ocr_line' id='line_1_9' title="bbox 94 1348 927 1438; baseline -0.002 -21"><span class='ocrx_word' id='word_1_53' title='bbox 94 1351 297 1438; x_wconf 73' lang='lat' dir='ltr'>decrepitae.</span> <span class='ocrx_word' id='word_1_54' title='bbox 349 1348 740 1433; x_wconf 61' lang='lat' dir='ltr'>concrematam,</span> <span class='ocrx_word' id='word_1_55' title='bbox 760 1351 834 1433; x_wconf 77' lang='lat'><strong>295,</strong></span> <span class='ocrx_word' id='word_1_56' title='bbox 853 1351 927 1415; x_wconf 77' lang='lat'><strong>296.</strong></span> 
     </span>
    </p>
   </div>
   <div class='ocr_carea' id='block_1_3' title="bbox 139 1552 1092 1640">
    <p class='ocr_par' dir='ltr' id='par_1_3' title="bbox 139 1552 1092 1640">
     <span class='ocr_line' id='line_1_10' title="bbox 139 1552 1092 1640; baseline 0.001 -22"><span class='ocrx_word' id='word_1_57' title='bbox 139 1557 192 1619; x_wconf 92' lang='grc'>61.</span> <span class='ocrx_word' id='word_1_58' title='bbox 215 1554 259 1619; x_wconf 95' lang='lat' dir='ltr'>In</span> <span class='ocrx_word' id='word_1_59' title='bbox 275 1552 360 1620; x_wconf 88' lang='lat' dir='ltr'>sede</span> <span class='ocrx_word' id='word_1_60' title='bbox 376 1573 460 1640; x_wconf 88' lang='lat' dir='ltr'>ergo</span> <span class='ocrx_word' id='word_1_61' title='bbox 481 1553 743 1635; x_wconf 67' lang='lat' dir='ltr'>confessionam,</span> <span class='ocrx_word' id='word_1_62' title='bbox 760 1557 863 1619; x_wconf 87' lang='lat' dir='ltr'>extra</span> <span class='ocrx_word' id='word_1_63' title='bbox 885 1573 1010 1619; x_wconf 87' lang='lat' dir='ltr'>casum</span> <span class='ocrx_word' id='word_1_64' title='bbox 1033 1573 1092 1619; x_wconf 91' lang='lat' dir='ltr'>ne·</span> 
     </span>
    </p>
   </div>
   <div class='ocr_carea' id='block_1_4' title="bbox 98 1672 1095 1876">
    <p class='ocr_par' dir='ltr' id='par_1_4' title="bbox 98 1672 1095 1876">
     <span class='ocr_line' id='line_1_11' title="bbox 98 1672 1095 1755; baseline 0.001 -16"><span class='ocrx_word' id='word_1_65' title='bbox 98 1674 283 1755; x_wconf 75' lang='lat' dir='ltr'>comitatis,</span> <span class='ocrx_word' id='word_1_66' title='bbox 316 1693 453 1740; x_wconf 84' lang='lat' dir='ltr'>munus</span> <span class='ocrx_word' id='word_1_67' title='bbox 486 1672 660 1740; x_wconf 89' lang='lat' dir='ltr'>audiendi</span> <span class='ocrx_word' id='word_1_68' title='bbox 691 1673 933 1740; x_wconf 86' lang='lat' dir='ltr'>confessiones</span> <span class='ocrx_word' id='word_1_69' title='bbox 963 1674 1095 1740; x_wconf 87' lang='lat' dir='ltr'>obeant</span> 
     </span>
     <span class='ocr_line' id='line_1_12' title="bbox 99 1788 1095 1876; baseline 0.002 -22"><span class='ocrx_word' id='word_1_70' title='bbox 99 1788 317 1870; x_wconf 65' lang='lat' dir='ltr'>Sacerdotes</span> <span class='ocrx_word' id='word_1_71' title='bbox 343 1793 378 1856; x_wconf 89' lang='lat' dir='ltr'>et</span> <span class='ocrx_word' id='word_1_72' title='bbox 402 1789 471 1855; x_wconf 91' lang='lat' dir='ltr'>hoc</span> <span class='ocrx_word' id='word_1_73' title='bbox 497 1793 595 1855; x_wconf 89' lang='lat' dir='ltr'>veste</span> <span class='ocrx_word' id='word_1_74' title='bbox 622 1788 738 1871; x_wconf 86' lang='lat' dir='ltr'>talari,</span> <span class='ocrx_word' id='word_1_75' title='bbox 768 1788 1031 1876; x_wconf 86' lang='lat' dir='ltr'>superpelliceo</span> <span class='ocrx_word' id='word_1_76' title='bbox 1058 1793 1095 1856; x_wconf 89' lang='lat' dir='ltr'>et</span> 
     </span>
    </p>
   </div>
   <div class='ocr_carea' id='block_1_5' title="bbox 97 1908 643 1996">
    <p class='ocr_par' dir='ltr' id='par_1_5' title="bbox 97 1908 643 1996">
     <span class='ocr_line' id='line_1_13' title="bbox 97 1908 643 1996; baseline -0.002 -21"><span class='ocrx_word' id='word_1_77' title='bbox 97 1909 190 1987; x_wconf 75' lang='lat' dir='ltr'>stola</span> <span class='ocrx_word' id='word_1_78' title='bbox 204 1909 336 1976; x_wconf 73' lang='lat' dir='ltr'>induo.</span> <span class='ocrx_word' id='word_1_79' title='bbox 380 1908 469 1996; x_wconf 66' lang='lat' dir='ltr'>syn.</span> <span class='ocrx_word' id='word_1_80' title='bbox 485 1908 568 1976; x_wconf 75' lang='lat' dir='ltr'>Aru.</span> <span class='ocrx_word' id='word_1_81' title='bbox 588 1909 643 1974; x_wconf 80' lang='grc' dir='ltr'>Π.</span> 
     </span>
    </p>
   </div>
   <div class='ocr_carea' id='block_1_6' title="bbox 95 2120 1097 2572">
    <p class='ocr_par' dir='ltr' id='par_1_6' title="bbox 95 2120 1097 2572">
     <span class='ocr_line' id='line_1_14' title="bbox 140 2120 1093 2210; baseline 0 -22"><span class='ocrx_word' id='word_1_82' title='bbox 140 2125 192 2188; x_wconf 71' lang='grc'>62.</span> <span class='ocrx_word' id='word_1_83' title='bbox 216 2121 340 2203; x_wconf 79' lang='lat' dir='ltr'>Quum</span> <span class='ocrx_word' id='word_1_84' title='bbox 365 2123 486 2210; x_wconf 87' lang='lat' dir='ltr'>magni</span> <span class='ocrx_word' id='word_1_85' title='bbox 516 2122 562 2189; x_wconf 87' lang='lat' dir='ltr'>sit</span> <span class='ocrx_word' id='word_1_86' title='bbox 587 2121 758 2188; x_wconf 85' lang='lat' dir='ltr'>momenti</span> <span class='ocrx_word' id='word_1_87' title='bbox 784 2124 827 2188; x_wconf 91' lang='lat' dir='ltr'>ut</span> <span class='ocrx_word' id='word_1_88' title='bbox 852 2120 1001 2188; x_wconf 89' lang='lat' dir='ltr'>libertas</span> <span class='ocrx_word' id='word_1_89' title='bbox 1024 2142 1093 2188; x_wconf 88' lang='lat' dir='ltr'>ser-</span> 
     </span>
     <span class='ocr_line' id='line_1_15' title="bbox 95 2240 1096 2328; baseline -0.001 -21"><span class='ocrx_word' id='word_1_90' title='bbox 95 2245 202 2309; x_wconf 80' lang='lat' dir='ltr'>&#39;vetur</span> <span class='ocrx_word' id='word_1_91' title='bbox 216 2281 217 2284; x_wconf 60' lang='lat'><em>=</em></span> <span class='ocrx_word' id='word_1_92' title='bbox 231 2241 470 2323; x_wconf 71' lang='lat' dir='ltr'>conscientia,</span> <span class='ocrx_word' id='word_1_93' title='bbox 501 2240 671 2308; x_wconf 88' lang='lat' dir='ltr'>Pastores</span> <span class='ocrx_word' id='word_1_94' title='bbox 710 2241 847 2328; x_wconf 91' lang='lat' dir='ltr'>aliique</span> <span class='ocrx_word' id='word_1_95' title='bbox 877 2240 1096 2310; x_wconf 70' lang='lat' dir='ltr'>confessarii</span> 
     </span>
     <span class='ocr_line' id='line_1_16' title="bbox 96 2362 1097 2451; baseline 0.002 -23"><span class='ocrx_word' id='word_1_96' title='bbox 96 2381 192 2450; x_wconf 79' lang='lat' dir='ltr'>aegre</span> <span class='ocrx_word' id='word_1_97' title='bbox 207 2383 281 2430; x_wconf 89' lang='lat' dir='ltr'>non</span> <span class='ocrx_word' id='word_1_98' title='bbox 296 2362 415 2429; x_wconf 87' lang='lat' dir='ltr'>ferant</span> <span class='ocrx_word' id='word_1_99' title='bbox 430 2363 532 2451; x_wconf 90' lang='lat' dir='ltr'>quod</span> <span class='ocrx_word' id='word_1_100' title='bbox 544 2383 669 2430; x_wconf 89' lang='lat' dir='ltr'>eorum</span> <span class='ocrx_word' id='word_1_101' title='bbox 685 2364 902 2451; x_wconf 85' lang='lat' dir='ltr'>poenitentes</span> <span class='ocrx_word' id='word_1_102' title='bbox 915 2364 1019 2431; x_wconf 86' lang='lat' dir='ltr'>alteri</span> <span class='ocrx_word' id='word_1_103' title='bbox 1035 2365 1097 2431; x_wconf 90' lang='lat' dir='ltr'>ali-</span> 
     </span>
     <span class='ocr_line' id='line_1_17' title="bbox 97 2483 815 2572; baseline -0.001 -22"><span class='ocrx_word' id='word_1_104' title='bbox 97 2483 247 2572; x_wconf 87' lang='lat' dir='ltr'>quando</span> <span class='ocrx_word' id='word_1_105' title='bbox 263 2484 512 2551; x_wconf 88' lang='lat' dir='ltr'>confiteantur.</span> <span class='ocrx_word' id='word_1_106' title='bbox 558 2485 647 2571; x_wconf 74' lang='lat' dir='ltr'>Spu.</span> <span class='ocrx_word' id='word_1_107' title='bbox 664 2483 748 2550; x_wconf 79' lang='lat' dir='ltr'><strong><em>Alb.</em></strong></span> <span class='ocrx_word' id='word_1_108' title='bbox 759 2485 815 2550; x_wconf 89' lang='grc' dir='ltr'>ΙΙ.</span> 
     </span>
    </p>
   </div>
   <div class='ocr_carea' id='block_1_7' title="bbox 102 2704 1099 2918">
    <p class='ocr_par' dir='ltr' id='par_1_7' title="bbox 102 2704 1099 2918">
     <span class='ocr_line' id='line_1_18' title="bbox 143 2704 1099 2795; baseline 0.003 -22"><span class='ocrx_word' id='word_1_109' title='bbox 143 2710 195 2774; x_wconf 89' lang='grc'>63.</span> <span class='ocrx_word' id='word_1_110' title='bbox 221 2705 391 2774; x_wconf 90' lang='lat' dir='ltr'>Pastores</span> <span class='ocrx_word' id='word_1_111' title='bbox 406 2710 442 2773; x_wconf 91' lang='lat' dir='ltr'>et</span> <span class='ocrx_word' id='word_1_112' title='bbox 453 2704 517 2773; x_wconf 88' lang='lat' dir='ltr'>alii</span> <span class='ocrx_word' id='word_1_113' title='bbox 528 2706 746 2774; x_wconf 79' lang='lat' dir='ltr'>Confessarii</span> <span class='ocrx_word' id='word_1_114' title='bbox 762 2728 903 2795; x_wconf 84' lang='lat' dir='ltr'>semper</span> <span class='ocrx_word' id='word_1_115' title='bbox 917 2709 1099 2795; x_wconf 88' lang='lat' dir='ltr'>paratissi-</span> 
     </span>
     <span class='ocr_line' id='line_1_19' title="bbox 102 2826 1099 2918; baseline 0.002 -24"><span class='ocrx_word' id='word_1_116' title='bbox 102 2847 230 2894; x_wconf 86' lang='lat' dir='ltr'>messe</span> <span class='ocrx_word' id='word_1_117' title='bbox 245 2826 441 2893; x_wconf 87' lang='lat' dir='ltr'>exhibeant</span> <span class='ocrx_word' id='word_1_118' title='bbox 456 2827 503 2893; x_wconf 85' lang='lat' dir='ltr'>ad</span> <span class='ocrx_word' id='word_1_119' title='bbox 519 2827 683 2895; x_wconf 85' lang='lat' dir='ltr'>fidelium</span> <span class='ocrx_word' id='word_1_120' title='bbox 700 2828 943 2897; x_wconf 82' lang='lat' dir='ltr'>confessiones</span> <span class='ocrx_word' id='word_1_121' title='bbox 966 2830 1099 2918; x_wconf 85' lang='lat' dir='ltr'>excipi·</span> 
     </span>
    </p>
   </div>
   <div class='ocr_carea' id='block_1_8' title="bbox 98 2949 1099 3154">
    <p class='ocr_par' dir='ltr' id='par_1_8' title="bbox 98 2949 1099 3154">
     <span class='ocr_line' id='line_1_20' title="bbox 98 2949 1099 3039; baseline 0.001 -22"><span class='ocrx_word' id='word_1_122' title='bbox 98 2950 223 3032; x_wconf 85' lang='lat' dir='ltr'>endas,</span> <span class='ocrx_word' id='word_1_123' title='bbox 264 2949 423 3016; x_wconf 84' lang='lat' dir='ltr'>maxime</span> <span class='ocrx_word' id='word_1_124' title='bbox 462 2950 594 3017; x_wconf 86' lang='lat' dir='ltr'>diebus</span> <span class='ocrx_word' id='word_1_125' title='bbox 633 2950 790 3035; x_wconf 86' lang='lat' dir='ltr'>Sabbati‚</span> <span class='ocrx_word' id='word_1_126' title='bbox 832 2950 1099 3039; x_wconf 84' lang='lat' dir='ltr'>Festorumque</span> 
     </span>
     <span class='ocr_line' id='line_1_21' title="bbox 99 3066 751 3154; baseline 0 -20"><span class='ocrx_word' id='word_1_127' title='bbox 99 3066 242 3154; x_wconf 86' lang='lat' dir='ltr'>vigiliis,</span> <span class='ocrx_word' id='word_1_128' title='bbox 262 3071 328 3134; x_wconf 88' lang='lat' dir='ltr'>etc.</span> <span class='ocrx_word' id='word_1_129' title='bbox 381 3066 483 3136; x_wconf 84' lang='lat' dir='ltr'>Oonc.</span> <span class='ocrx_word' id='word_1_130' title='bbox 499 3066 609 3136; x_wconf 76' lang='lat' dir='ltr'>Pleu.</span> <span class='ocrx_word' id='word_1_131' title='bbox 625 3088 661 3136; x_wconf 82' lang='lat' dir='ltr'>c.</span> <span class='ocrx_word' id='word_1_132' title='bbox 678 3072 751 3135; x_wconf 75' lang='lat'><strong>291.</strong></span> 
     </span>
    </p>
   </div>
   <div class='ocr_carea' id='block_1_9' title="bbox 101 3272 1101 3726">
    <p class='ocr_par' dir='ltr' id='par_1_9' title="bbox 101 3272 1101 3726">
     <span class='ocr_line' id='line_1_22' title="bbox 145 3272 1101 3360; baseline 0.003 -21"><span class='ocrx_word' id='word_1_133' title='bbox 145 3277 197 3339; x_wconf 81' lang='grc'>64.</span> <span class='ocrx_word' id='word_1_134' title='bbox 221 3272 358 3353; x_wconf 81' lang='lat' dir='ltr'>Quater</span> <span class='ocrx_word' id='word_1_135' title='bbox 374 3272 500 3339; x_wconf 87' lang='lat' dir='ltr'>saltem</span> <span class='ocrx_word' id='word_1_136' title='bbox 523 3272 561 3337; x_wconf 91' lang='lat' dir='ltr'>in</span> <span class='ocrx_word' id='word_1_137' title='bbox 583 3289 688 3356; x_wconf 89' lang='lat' dir='ltr'>anno,</span> <span class='ocrx_word' id='word_1_138' title='bbox 709 3277 746 3340; x_wconf 91' lang='lat' dir='ltr'>et</span> <span class='ocrx_word' id='word_1_139' title='bbox 761 3274 960 3360; x_wconf 88' lang='lat' dir='ltr'>praesertim</span> <span class='ocrx_word' id='word_1_140' title='bbox 977 3275 1008 3342; x_wconf 82' lang='lat' dir='ltr'>si</span> <span class='ocrx_word' id='word_1_141' title='bbox 1024 3276 1101 3343; x_wconf 91' lang='lat' dir='ltr'>fieri</span> 
     </span>
     <span class='ocr_line' id='line_1_23' title="bbox 101 3392 1100 3482; baseline 0.003 -22"><span class='ocrx_word' id='word_1_142' title='bbox 101 3394 229 3482; x_wconf 88' lang='lat' dir='ltr'>possit,</span> <span class='ocrx_word' id='word_1_143' title='bbox 244 3393 410 3474; x_wconf 81' lang='lat' dir='ltr'>Quatuor</span> <span class='ocrx_word' id='word_1_144' title='bbox 421 3392 640 3480; x_wconf 86' lang='lat' dir='ltr'>Temporum</span> <span class='ocrx_word' id='word_1_145' title='bbox 655 3393 763 3478; x_wconf 83' lang='lat' dir='ltr'>feriis,</span> <span class='ocrx_word' id='word_1_146' title='bbox 778 3394 825 3460; x_wconf 91' lang='lat' dir='ltr'>ad</span> <span class='ocrx_word' id='word_1_147' title='bbox 837 3394 1100 3464; x_wconf 82' lang='lat' dir='ltr'>confessionem</span> 
     </span>
     <span class='ocr_line' id='line_1_24' title="bbox 102 3515 1099 3603; baseline 0.003 -21"><span class='ocrx_word' id='word_1_148' title='bbox 102 3515 326 3583; x_wconf 87' lang='lat' dir='ltr'>advocentur</span> <span class='ocrx_word' id='word_1_149' title='bbox 349 3515 464 3602; x_wconf 85' lang='lat' dir='ltr'>pueri,</span> <span class='ocrx_word' id='word_1_150' title='bbox 481 3517 547 3603; x_wconf 89' lang='lat' dir='ltr'>qui</span> <span class='ocrx_word' id='word_1_151' title='bbox 572 3517 735 3583; x_wconf 91' lang='lat' dir='ltr'>nondum</span> <span class='ocrx_word' id='word_1_152' title='bbox 762 3517 1004 3586; x_wconf 81' lang='lat' dir='ltr'>Sanctissimae</span> <span class='ocrx_word' id='word_1_153' title='bbox 1028 3519 1099 3585; x_wconf 85' lang='lat' dir='ltr'>Eu-</span> 
     </span>
     <span class='ocr_line' id='line_1_25' title="bbox 103 3634 1101 3726; baseline 0.003 -23"><span class='ocrx_word' id='word_1_154' title='bbox 103 3634 285 3703; x_wconf 86' lang='lat' dir='ltr'>charistiae</span> <span class='ocrx_word' id='word_1_155' title='bbox 311 3635 505 3723; x_wconf 85' lang='lat' dir='ltr'>participes</span> <span class='ocrx_word' id='word_1_156' title='bbox 530 3636 616 3703; x_wconf 86' lang='lat' dir='ltr'>facti</span> <span class='ocrx_word' id='word_1_157' title='bbox 646 3641 741 3719; x_wconf 86' lang='lat' dir='ltr'>sunt,</span> <span class='ocrx_word' id='word_1_158' title='bbox 772 3657 814 3704; x_wconf 90' lang='lat' dir='ltr'>eo</span> <span class='ocrx_word' id='word_1_159' title='bbox 845 3638 954 3705; x_wconf 90' lang='lat' dir='ltr'>modo</span> <span class='ocrx_word' id='word_1_160' title='bbox 983 3658 1101 3726; x_wconf 88' lang='lat' dir='ltr'>eaque</span> 
     </span>
    </p>
   </div>
   <div class='ocr_carea' id='block_1_10' title="bbox 0 0 1268 4260">
    <p class='ocr_par' dir='ltr' id='par_1_10' title="bbox 0 0 1268 4260">
     <span class='ocr_line' id='line_1_26' title="bbox 0 0 1268 4260; baseline 0 0"><span class='ocrx_word' id='word_1_161' title='bbox 0 0 1268 4260; x_wconf 95' lang='lat' dir='ltr'> </span> 
     </span>
    </p>
   </div>
  </div>
 </body>
</html>
