<?xml version="1.0" encoding="UTF-8"?>
<!DOCTYPE html PUBLIC "-//W3C//DTD XHTML 1.0 Transitional//EN"
    "http://www.w3.org/TR/xhtml1/DTD/xhtml1-transitional.dtd">
<html xmlns="http://www.w3.org/1999/xhtml" xml:lang="en" lang="en">
 <head>
  <title>
</title>
<meta http-equiv="Content-Type" content="text/html;charset=utf-8" />
  <meta name='ocr-system' content='tesseract 3.04.00' />
  <meta name='ocr-capabilities' content='ocr_page ocr_carea ocr_par ocr_line ocrx_word'/>
</head>
<body>
  <div class='ocr_page' id='page_1' title='image "./statutadioecese00diocgoog_0050.png"; bbox 0 0 2512 4260; ppageno 0'>
   <div class='ocr_carea' id='block_1_1' title="bbox 384 329 1140 387">
    <p class='ocr_par' dir='ltr' id='par_1_1' title="bbox 384 329 1140 387">
     <span class='ocr_line' id='line_1_1' title="bbox 384 329 1140 387; baseline 0.004 -3"><span class='ocrx_word' id='word_1_1' title='bbox 384 339 429 384; x_wconf 84' lang='lat' dir='ltr'>nn</span> <span class='ocrx_word' id='word_1_2' title='bbox 451 338 626 386; x_wconf 78' lang='lat' dir='ltr'>snorumn</span> <span class='ocrx_word' id='word_1_3' title='bbox 648 339 894 386; x_wconf 74' lang='lat' dir='ltr'>aconasrsnuu.</span> <span class='ocrx_word' id='word_1_4' title='bbox 1101 329 1140 387; x_wconf 77' lang='grc'>29</span> 
     </span>
    </p>
   </div>
   <div class='ocr_carea' id='block_1_2' title="bbox 136 506 1139 835">
    <p class='ocr_par' dir='ltr' id='par_1_2' title="bbox 136 506 1139 835">
     <span class='ocr_line' id='line_1_2' title="bbox 137 506 1139 586; baseline 0.003 -12"><span class='ocrx_word' id='word_1_5' title='bbox 137 509 261 586; x_wconf 84' lang='lat' dir='ltr'>electa,</span> <span class='ocrx_word' id='word_1_6' title='bbox 273 506 438 574; x_wconf 87' lang='lat' dir='ltr'>eamdem</span> <span class='ocrx_word' id='word_1_7' title='bbox 451 506 727 574; x_wconf 86' lang='lat' dir='ltr'>Sanctissimam.</span> <span class='ocrx_word' id='word_1_8' title='bbox 736 506 805 574; x_wconf 88' lang='lat' dir='ltr'>Dei</span> <span class='ocrx_word' id='word_1_9' title='bbox 820 507 974 574; x_wconf 88' lang='lat' dir='ltr'>Matrem</span> <span class='ocrx_word' id='word_1_10' title='bbox 990 508 1139 577; x_wconf 79' lang='lat' dir='ltr'>Nostrae</span> 
     </span>
     <span class='ocr_line' id='line_1_3' title="bbox 136 624 1139 715; baseline 0.001 -21"><span class='ocrx_word' id='word_1_11' title='bbox 136 627 347 695; x_wconf 86' lang='lat' dir='ltr'>Dioecescos</span> <span class='ocrx_word' id='word_1_12' title='bbox 377 624 577 693; x_wconf 80' lang='lat' dir='ltr'>Patronem</span> <span class='ocrx_word' id='word_1_13' title='bbox 608 625 850 713; x_wconf 82' lang='lat' dir='ltr'>principalem</span> <span class='ocrx_word' id='word_1_14' title='bbox 879 626 1076 715; x_wconf 74' lang='lat' dir='ltr'>deligimus</span> <span class='ocrx_word' id='word_1_15' title='bbox 1103 632 1139 695; x_wconf 88' lang='lat' dir='ltr'>et</span> 
     </span>
     <span class='ocr_line' id='line_1_4' title="bbox 137 748 419 835; baseline 0.004 -21"><span class='ocrx_word' id='word_1_16' title='bbox 137 748 419 835; x_wconf 80' lang='lat' dir='ltr'>proclamamus.</span> 
     </span>
    </p>
   </div>
   <div class='ocr_carea' id='block_1_3' title="bbox 133 917 1138 2086">
    <p class='ocr_par' dir='ltr' id='par_1_3' title="bbox 133 917 1138 2086">
     <span class='ocr_line' id='line_1_5' title="bbox 181 917 1138 1008; baseline 0.004 -24"><span class='ocrx_word' id='word_1_17' title='bbox 181 921 256 985; x_wconf 88' lang='grc'><strong>103.</strong></span> <span class='ocrx_word' id='word_1_18' title='bbox 283 917 390 985; x_wconf 90' lang='lat' dir='ltr'>Diem</span> <span class='ocrx_word' id='word_1_19' title='bbox 417 938 501 984; x_wconf 86' lang='lat' dir='ltr'>vero</span> <span class='ocrx_word' id='word_1_20' title='bbox 532 918 726 1005; x_wconf 81' lang='lat' dir='ltr'>specialem</span> <span class='ocrx_word' id='word_1_21' title='bbox 753 918 958 986; x_wconf 89' lang='lat' dir='ltr'>devotionis</span> <span class='ocrx_word' id='word_1_22' title='bbox 987 920 1026 987; x_wconf 91' lang='lat' dir='ltr'>in</span> <span class='ocrx_word' id='word_1_23' title='bbox 1057 921 1138 1008; x_wconf 89' lang='lat' dir='ltr'>ejus</span> 
     </span>
     <span class='ocr_line' id='line_1_6' title="bbox 136 1039 1136 1129; baseline 0.004 -23"><span class='ocrx_word' id='word_1_24' title='bbox 136 1040 312 1108; x_wconf 89' lang='lat' dir='ltr'>honorem</span> <span class='ocrx_word' id='word_1_25' title='bbox 338 1061 406 1127; x_wconf 90' lang='lat' dir='ltr'>pro</span> <span class='ocrx_word' id='word_1_26' title='bbox 430 1040 499 1106; x_wconf 91' lang='lat' dir='ltr'>hac</span> <span class='ocrx_word' id='word_1_27' title='bbox 525 1039 663 1107; x_wconf 85' lang='lat' dir='ltr'>Nostra</span> <span class='ocrx_word' id='word_1_28' title='bbox 687 1040 832 1108; x_wconf 86' lang='lat' dir='ltr'>civitate</span> <span class='ocrx_word' id='word_1_29' title='bbox 856 1041 1059 1129; x_wconf 88' lang='lat' dir='ltr'>episcopali</span> <span class='ocrx_word' id='word_1_30' title='bbox 1085 1063 1136 1110; x_wconf 92' lang='lat' dir='ltr'>se-</span> 
     </span>
     <span class='ocr_line' id='line_1_7' title="bbox 136 1159 1138 1249; baseline 0.001 -22"><span class='ocrx_word' id='word_1_31' title='bbox 136 1159 309 1247; x_wconf 81' lang='lat' dir='ltr'>ponimus</span> <span class='ocrx_word' id='word_1_32' title='bbox 334 1159 544 1246; x_wconf 85' lang='lat' dir='ltr'>vigesimam</span> <span class='ocrx_word' id='word_1_33' title='bbox 570 1160 726 1247; x_wconf 91' lang='lat' dir='ltr'>primam</span> <span class='ocrx_word' id='word_1_34' title='bbox 750 1160 979 1243; x_wconf 74' lang='lat' dir='ltr'>Novembris,</span> <span class='ocrx_word' id='word_1_35' title='bbox 996 1161 1034 1228; x_wconf 91' lang='lat' dir='ltr'>in</span> <span class='ocrx_word' id='word_1_36' title='bbox 1062 1181 1138 1249; x_wconf 89' lang='lat' dir='ltr'>qua</span> 
     </span>
     <span class='ocr_line' id='line_1_8' title="bbox 136 1280 1136 1370; baseline 0.003 -21"><span class='ocrx_word' id='word_1_37' title='bbox 136 1283 340 1350; x_wconf 88' lang='lat' dir='ltr'>celebratur</span> <span class='ocrx_word' id='word_1_38' title='bbox 354 1282 489 1349; x_wconf 84' lang='lat' dir='ltr'>festum</span> <span class='ocrx_word' id='word_1_39' title='bbox 513 1280 810 1350; x_wconf 88' lang='lat' dir='ltr'>Praescntationis</span> <span class='ocrx_word' id='word_1_40' title='bbox 832 1282 999 1370; x_wconf 78' lang='lat' dir='ltr'>oJusdem</span> <span class='ocrx_word' id='word_1_41' title='bbox 1014 1283 1136 1353; x_wconf 83' lang='lat' dir='ltr'>Almae</span> 
     </span>
     <span class='ocr_line' id='line_1_9' title="bbox 135 1401 1137 1490; baseline 0.003 -22"><span class='ocrx_word' id='word_1_42' title='bbox 135 1401 205 1468; x_wconf 91' lang='lat' dir='ltr'>Dei</span> <span class='ocrx_word' id='word_1_43' title='bbox 228 1401 367 1469; x_wconf 85' lang='lat' dir='ltr'>Matris.</span> <span class='ocrx_word' id='word_1_44' title='bbox 414 1402 490 1468; x_wconf 84' lang='lat' dir='ltr'>Sub</span> <span class='ocrx_word' id='word_1_45' title='bbox 512 1401 581 1469; x_wconf 91' lang='lat' dir='ltr'>hoc</span> <span class='ocrx_word' id='word_1_46' title='bbox 604 1402 699 1469; x_wconf 90' lang='lat' dir='ltr'>enim</span> <span class='ocrx_word' id='word_1_47' title='bbox 722 1403 830 1469; x_wconf 86' lang='lat' dir='ltr'>titulo</span> <span class='ocrx_word' id='word_1_48' title='bbox 852 1402 995 1490; x_wconf 81' lang='lat' dir='ltr'>placuit</span> <span class='ocrx_word' id='word_1_49' title='bbox 1018 1403 1137 1472; x_wconf 91' lang='lat' dir='ltr'>omnis</span> 
     </span>
     <span class='ocr_line' id='line_1_10' title="bbox 134 1521 1135 1611; baseline 0.002 -23"><span class='ocrx_word' id='word_1_50' title='bbox 134 1522 221 1589; x_wconf 91' lang='lat' dir='ltr'>boni</span> <span class='ocrx_word' id='word_1_51' title='bbox 235 1523 390 1589; x_wconf 90' lang='lat' dir='ltr'>Auctori</span> <span class='ocrx_word' id='word_1_52' title='bbox 411 1521 511 1589; x_wconf 88' lang='lat' dir='ltr'>hisce</span> <span class='ocrx_word' id='word_1_53' title='bbox 532 1523 571 1588; x_wconf 94' lang='lat' dir='ltr'>in</span> <span class='ocrx_word' id='word_1_54' title='bbox 595 1523 723 1609; x_wconf 86' lang='lat' dir='ltr'>patriae</span> <span class='ocrx_word' id='word_1_55' title='bbox 740 1527 872 1591; x_wconf 87' lang='lat' dir='ltr'>nostrae</span> <span class='ocrx_word' id='word_1_56' title='bbox 893 1524 1059 1611; x_wconf 87' lang='lat' dir='ltr'>partibus</span> <span class='ocrx_word' id='word_1_57' title='bbox 1083 1525 1135 1591; x_wconf 90' lang='lat' dir='ltr'>in-</span> 
     </span>
     <span class='ocr_line' id='line_1_11' title="bbox 135 1643 1133 1730; baseline 0.004 -21"><span class='ocrx_word' id='word_1_58' title='bbox 135 1646 240 1730; x_wconf 88' lang='lat' dir='ltr'>cepta</span> <span class='ocrx_word' id='word_1_59' title='bbox 256 1643 428 1711; x_wconf 81' lang='lat' dir='ltr'>Ecclesiae</span> <span class='ocrx_word' id='word_1_60' title='bbox 444 1662 522 1711; x_wconf 89' lang='lat' dir='ltr'>suae</span> <span class='ocrx_word' id='word_1_61' title='bbox 537 1644 624 1710; x_wconf 87' lang='lat' dir='ltr'>dare</span> <span class='ocrx_word' id='word_1_62' title='bbox 640 1647 675 1710; x_wconf 85' lang='lat' dir='ltr'>et</span> <span class='ocrx_word' id='word_1_63' title='bbox 689 1644 918 1726; x_wconf 87' lang='lat' dir='ltr'>incrementa,</span> <span class='ocrx_word' id='word_1_64' title='bbox 939 1649 974 1712; x_wconf 87' lang='lat' dir='ltr'>et</span> <span class='ocrx_word' id='word_1_65' title='bbox 991 1645 1041 1712; x_wconf 90' lang='lat' dir='ltr'>sic</span> <span class='ocrx_word' id='word_1_66' title='bbox 1058 1651 1133 1713; x_wconf 86' lang='lat' dir='ltr'>tam</span> 
     </span>
     <span class='ocr_line' id='line_1_12' title="bbox 133 1762 1135 1850; baseline 0.005 -21"><span class='ocrx_word' id='word_1_67' title='bbox 133 1762 287 1850; x_wconf 87' lang='lat' dir='ltr'>insignis</span> <span class='ocrx_word' id='word_1_68' title='bbox 309 1763 475 1831; x_wconf 87' lang='lat' dir='ltr'>beneficii</span> <span class='ocrx_word' id='word_1_69' title='bbox 497 1764 673 1831; x_wconf 88' lang='lat' dir='ltr'>memoria</span> <span class='ocrx_word' id='word_1_70' title='bbox 695 1766 883 1849; x_wconf 86' lang='lat' dir='ltr'>recoletur,</span> <span class='ocrx_word' id='word_1_71' title='bbox 909 1765 1000 1832; x_wconf 87' lang='lat' dir='ltr'>dum</span> <span class='ocrx_word' id='word_1_72' title='bbox 1023 1766 1135 1834; x_wconf 90' lang='lat' dir='ltr'>simul</span> 
     </span>
     <span class='ocr_line' id='line_1_13' title="bbox 133 1880 1133 1969; baseline 0.002 -21"><span class='ocrx_word' id='word_1_73' title='bbox 133 1880 265 1949; x_wconf 83' lang='lat' dir='ltr'>debitae</span> <span class='ocrx_word' id='word_1_74' title='bbox 286 1882 485 1968; x_wconf 85' lang='lat' dir='ltr'>gratiarum</span> <span class='ocrx_word' id='word_1_75' title='bbox 509 1883 668 1950; x_wconf 83' lang='lat' dir='ltr'>actiones</span> <span class='ocrx_word' id='word_1_76' title='bbox 689 1882 896 1950; x_wconf 86' lang='lat' dir='ltr'>offerentur.</span> <span class='ocrx_word' id='word_1_77' title='bbox 951 1883 1043 1952; x_wconf 77' lang='lat' dir='ltr'>Vide</span> <span class='ocrx_word' id='word_1_78' title='bbox 1058 1884 1133 1969; x_wconf 79' lang='lat' dir='ltr'>Ap·</span> 
     </span>
     <span class='ocr_line' id='line_1_14' title="bbox 135 2002 389 2086; baseline 0.004 -18"><span class='ocrx_word' id='word_1_79' title='bbox 135 2002 339 2086; x_wconf 67' lang='lat' dir='ltr'>penulam,</span> <span class='ocrx_word' id='word_1_80' title='bbox 357 2003 389 2069; x_wconf 94' lang='lat' dir='ltr'>I.</span> 
     </span>
    </p>
   </div>
   <div class='ocr_carea' id='block_1_4' title="bbox 131 2174 1132 2636">
    <p class='ocr_par' dir='ltr' id='par_1_4' title="bbox 131 2174 1132 2636">
     <span class='ocr_line' id='line_1_15' title="bbox 176 2174 1130 2264; baseline 0.007 -25"><span class='ocrx_word' id='word_1_81' title='bbox 176 2177 249 2240; x_wconf 86' lang='lat'>104.</span> <span class='ocrx_word' id='word_1_82' title='bbox 273 2174 423 2242; x_wconf 81' lang='lat' dir='ltr'>Festum</span> <span class='ocrx_word' id='word_1_83' title='bbox 456 2177 645 2262; x_wconf 87' lang='lat' dir='ltr'>patronalo</span> <span class='ocrx_word' id='word_1_84' title='bbox 671 2176 746 2244; x_wconf 90' lang='lat' dir='ltr'>sive</span> <span class='ocrx_word' id='word_1_85' title='bbox 770 2178 917 2245; x_wconf 84' lang='lat' dir='ltr'>t‘tulare</span> <span class='ocrx_word' id='word_1_86' title='bbox 948 2179 1130 2264; x_wconf 88' lang='lat' dir='ltr'>cujusque</span> 
     </span>
     <span class='ocr_line' id='line_1_16' title="bbox 131 2298 1131 2383; baseline 0 -17"><span class='ocrx_word' id='word_1_87' title='bbox 131 2298 304 2367; x_wconf 75' lang='lat' dir='ltr'>Ecclesia</span> <span class='ocrx_word' id='word_1_88' title='bbox 320 2299 394 2367; x_wconf 91' lang='lat' dir='ltr'>sive</span> <span class='ocrx_word' id='word_1_89' title='bbox 410 2303 637 2382; x_wconf 88' lang='lat' dir='ltr'>consecratae,</span> <span class='ocrx_word' id='word_1_90' title='bbox 649 2301 723 2367; x_wconf 88' lang='lat' dir='ltr'>sive</span> <span class='ocrx_word' id='word_1_91' title='bbox 738 2301 951 2383; x_wconf 75' lang='lat' dir='ltr'>benedicta,</span> <span class='ocrx_word' id='word_1_92' title='bbox 965 2298 1131 2367; x_wconf 87' lang='lat' dir='ltr'>solemni·</span> 
     </span>
     <span class='ocr_line' id='line_1_17' title="bbox 131 2426 1131 2515; baseline 0.001 -22"><span class='ocrx_word' id='word_1_93' title='bbox 131 2429 186 2493; x_wconf 84' lang='lat' dir='ltr'>ter</span> <span class='ocrx_word' id='word_1_94' title='bbox 200 2430 237 2493; x_wconf 91' lang='lat' dir='ltr'>et</span> <span class='ocrx_word' id='word_1_95' title='bbox 251 2426 373 2494; x_wconf 87' lang='lat' dir='ltr'>debito</span> <span class='ocrx_word' id='word_1_96' title='bbox 388 2427 462 2494; x_wconf 89' lang='lat' dir='ltr'>ritu</span> <span class='ocrx_word' id='word_1_97' title='bbox 486 2427 684 2515; x_wconf 89' lang='lat' dir='ltr'>quotannis</span> <span class='ocrx_word' id='word_1_98' title='bbox 710 2431 765 2494; x_wconf 88' lang='lat' dir='ltr'>est</span> <span class='ocrx_word' id='word_1_99' title='bbox 780 2426 1049 2510; x_wconf 87' lang='lat' dir='ltr'>celebrandum,</span> <span class='ocrx_word' id='word_1_100' title='bbox 1062 2427 1131 2495; x_wconf 91' lang='lat' dir='ltr'>sal·</span> 
     </span>
     <span class='ocr_line' id='line_1_18' title="bbox 131 2548 1132 2636; baseline -0.002 -20"><span class='ocrx_word' id='word_1_101' title='bbox 131 2553 205 2616; x_wconf 89' lang='lat' dir='ltr'>tem</span> <span class='ocrx_word' id='word_1_102' title='bbox 232 2549 270 2614; x_wconf 92' lang='lat' dir='ltr'>in</span> <span class='ocrx_word' id='word_1_103' title='bbox 300 2549 493 2616; x_wconf 87' lang='lat' dir='ltr'>Dominica</span> <span class='ocrx_word' id='word_1_104' title='bbox 527 2550 660 2617; x_wconf 87' lang='lat' dir='ltr'>festum</span> <span class='ocrx_word' id='word_1_105' title='bbox 698 2549 865 2636; x_wconf 87' lang='lat' dir='ltr'>proxime</span> <span class='ocrx_word' id='word_1_106' title='bbox 893 2553 1076 2636; x_wconf 85' lang='lat' dir='ltr'>sequente,</span> <span class='ocrx_word' id='word_1_107' title='bbox 1101 2548 1132 2616; x_wconf 92' lang='lat' dir='ltr'>si</span> 
     </span>
    </p>
   </div>
   <div class='ocr_carea' id='block_1_5' title="bbox 129 2667 1132 2858">
    <p class='ocr_par' dir='ltr' id='par_1_5' title="bbox 129 2667 1132 2858">
     <span class='ocr_line' id='line_1_19' title="bbox 131 2667 1132 2758; baseline 0 -23"><span class='ocrx_word' id='word_1_108' title='bbox 131 2669 225 2736; x_wconf 91' lang='lat' dir='ltr'>nihil</span> <span class='ocrx_word' id='word_1_109' title='bbox 241 2671 359 2737; x_wconf 83' lang='lat' dir='ltr'>obstet</span> <span class='ocrx_word' id='word_1_110' title='bbox 373 2671 464 2758; x_wconf 90' lang='lat' dir='ltr'>quin</span> <span class='ocrx_word' id='word_1_111' title='bbox 486 2675 646 2738; x_wconf 86' lang='lat' dir='ltr'>externae</span> <span class='ocrx_word' id='word_1_112' title='bbox 659 2670 899 2738; x_wconf 84' lang='lat' dir='ltr'>solemnitatis</span> <span class='ocrx_word' id='word_1_113' title='bbox 915 2667 1132 2757; x_wconf 84' lang='lat' dir='ltr'>hujusmodi</span> 
     </span>
     <span class='ocr_line' id='line_1_20' title="bbox 129 2789 847 2858; baseline -0.003 -1"><span class='ocrx_word' id='word_1_114' title='bbox 129 2790 319 2857; x_wconf 89' lang='lat' dir='ltr'>translatio</span> <span class='ocrx_word' id='word_1_115' title='bbox 342 2790 416 2856; x_wconf 88' lang='lat' dir='ltr'>fiat.</span> <span class='ocrx_word' id='word_1_116' title='bbox 467 2790 569 2857; x_wconf 80' lang='lat' dir='ltr'>Oeno.</span> <span class='ocrx_word' id='word_1_117' title='bbox 590 2789 699 2857; x_wconf 80' lang='lat' dir='ltr'>Pleu.</span> <span class='ocrx_word' id='word_1_118' title='bbox 716 2810 753 2858; x_wconf 79' lang='lat' dir='ltr'>a.</span> <span class='ocrx_word' id='word_1_119' title='bbox 774 2793 847 2857; x_wconf 80' lang='lat'><strong>384.</strong></span> 
     </span>
    </p>
   </div>
   <div class='ocr_carea' id='block_1_6' title="bbox 338 3109 915 3336">
    <p class='ocr_par' dir='ltr' id='par_1_6' title="bbox 338 3109 915 3336">
     <span class='ocr_line' id='line_1_21' title="bbox 476 3109 779 3182; baseline 0 -4"><span class='ocrx_word' id='word_1_120' title='bbox 476 3109 639 3178; x_wconf 79' lang='lat' dir='ltr'><strong>CAPUT</strong></span> <span class='ocrx_word' id='word_1_121' title='bbox 675 3110 779 3182; x_wconf 91' lang='lat' dir='ltr'>XIV.</span> 
     </span>
     <span class='ocr_line' id='line_1_22' title="bbox 338 3285 915 3336; baseline 0 -2"><span class='ocrx_word' id='word_1_122' title='bbox 338 3286 391 3334; x_wconf 84' lang='lat' dir='ltr'>nn</span> <span class='ocrx_word' id='word_1_123' title='bbox 414 3285 610 3334; x_wconf 77' lang='lat' dir='ltr'>uncrinus</span> <span class='ocrx_word' id='word_1_124' title='bbox 634 3285 915 3336; x_wconf 77' lang='lat' dir='ltr'>nocnnsmnun.</span> 
     </span>
    </p>
   </div>
   <div class='ocr_carea' id='block_1_7' title="bbox 127 3424 1129 3753">
    <p class='ocr_par' dir='ltr' id='par_1_7' title="bbox 127 3424 1129 3753">
     <span class='ocr_line' id='line_1_23' title="bbox 174 3424 1129 3512; baseline 0.004 -21"><span class='ocrx_word' id='word_1_125' title='bbox 174 3428 247 3492; x_wconf 81' lang='lat'>105.</span> <span class='ocrx_word' id='word_1_126' title='bbox 275 3424 398 3505; x_wconf 81' lang='lat' dir='ltr'>Quum</span> <span class='ocrx_word' id='word_1_127' title='bbox 414 3425 586 3492; x_wconf 77' lang='lat' dir='ltr'>Ecclesia</span> <span class='ocrx_word' id='word_1_128' title='bbox 607 3425 825 3493; x_wconf 88' lang='lat' dir='ltr'>universalis</span> <span class='ocrx_word' id='word_1_129' title='bbox 839 3426 983 3512; x_wconf 87' lang='lat' dir='ltr'>legibus</span> <span class='ocrx_word' id='word_1_130' title='bbox 998 3430 1034 3493; x_wconf 89' lang='lat' dir='ltr'>et</span> <span class='ocrx_word' id='word_1_131' title='bbox 1049 3447 1129 3495; x_wconf 92' lang='lat' dir='ltr'>con-</span> 
     </span>
     <span class='ocr_line' id='line_1_24' title="bbox 128 3544 1126 3634; baseline 0 -21"><span class='ocrx_word' id='word_1_132' title='bbox 128 3544 316 3613; x_wconf 84' lang='lat' dir='ltr'>suetudini</span> <span class='ocrx_word' id='word_1_133' title='bbox 331 3549 518 3632; x_wconf 86' lang='lat' dir='ltr'>repugnet,</span> <span class='ocrx_word' id='word_1_134' title='bbox 538 3546 710 3632; x_wconf 88' lang='lat' dir='ltr'>bonoque</span> <span class='ocrx_word' id='word_1_135' title='bbox 733 3544 936 3612; x_wconf 89' lang='lat' dir='ltr'>animarum</span> <span class='ocrx_word' id='word_1_136' title='bbox 959 3545 1126 3634; x_wconf 85' lang='lat' dir='ltr'>regimini</span> 
     </span>
     <span class='ocr_line' id='line_1_25' title="bbox 127 3664 1127 3753; baseline 0.003 -19"><span class='ocrx_word' id='word_1_137' title='bbox 127 3668 256 3734; x_wconf 75' lang='lat' dir='ltr'>noceat</span> <span class='ocrx_word' id='word_1_138' title='bbox 269 3666 439 3753; x_wconf 88' lang='lat' dir='ltr'>pluribus</span> <span class='ocrx_word' id='word_1_139' title='bbox 454 3666 565 3734; x_wconf 91' lang='lat' dir='ltr'>simul</span> <span class='ocrx_word' id='word_1_140' title='bbox 580 3685 628 3733; x_wconf 85' lang='lat' dir='ltr'>ex</span> <span class='ocrx_word' id='word_1_141' title='bbox 640 3685 748 3753; x_wconf 84' lang='lat' dir='ltr'>aequo</span> <span class='ocrx_word' id='word_1_142' title='bbox 763 3664 925 3733; x_wconf 86' lang='lat' dir='ltr'>eamdem</span> <span class='ocrx_word' id='word_1_143' title='bbox 939 3667 1127 3737; x_wconf 88' lang='lat' dir='ltr'>ecclesiam</span> 
     </span>
    </p>
   </div>
   <div class='ocr_carea' id='block_1_8' title="bbox 0 0 1260 4260">
    <p class='ocr_par' dir='ltr' id='par_1_8' title="bbox 0 0 1260 4260">
     <span class='ocr_line' id='line_1_26' title="bbox 0 0 1260 4260; baseline 0 3"><span class='ocrx_word' id='word_1_144' title='bbox 0 0 1260 4260; x_wconf 95' lang='lat' dir='ltr'> </span> 
     </span>
    </p>
   </div>
  </div>
 </body>
</html>
