2512 4260
519 402 728 448 rnoonurun.
1081 382 1125 446 rii

183 536 291 659 Legit¹
313 572 444 641 deinde
469 571 558 638 Rev.
584 571 629 637 D.
657 571 876 637 Secretarius
900 570 1055 638 Decreta
1077 571 1124 638 de

126 695 337 762 Residentia
353 697 388 761 et
411 695 456 760 de
471 692 701 760 Professione
727 692 831 758 Fidei
853 692 966 779 juxta
986 691 1120 759 formu-

125 817 198 882 lam
225 814 285 881 Pii
300 814 375 881 ΡΡ.
392 813 457 897 IV,
478 833 589 901 quam
617 812 734 899 ipsam
760 812 969 899 praelectam
997 833 1123 881 omnes

124 944 319 1027 praesentes
346 937 474 1004 Patres
496 937 574 1004 bini
600 940 635 1004 et
657 936 734 1003 bini
767 937 979 1004 accedentes
1011 957 1124 1023 super

126 1062 235 1128 Sacra
272 1059 470 1144 Evangelia
503 1059 712 1146 juramento
749 1057 949 1142 firmarunt,
991 1057 1124 1145 hisque

126 1183 292 1271 peractis,
319 1182 429 1248 finem
467 1181 596 1269 primae
635 1179 793 1247 sessioni
823 1179 1001 1268 imposuit
1030 1181 1126 1247 Illmm

127 1300 332 1387 Episcopus
348 1298 555 1365 solemniter
569 1299 810 1385 impertiendo
836 1298 1123 1366 benedictionem

128 1431 231 1477 suam
247 1410 500 1496 episcopalem.

185 1517 284 1583 Hora
307 1516 556 1602 pomeridiana
579 1518 739 1583 secunda
763 1538 846 1584 cum
872 1517 1024 1584 dimidio
1042 1538 1124 1584 con-

128 1634 225 1699 venit
248 1633 407 1699 secunda
432 1632 572 1719 Synodi
587 1634 699 1701 sessio
716 1634 754 1699 in
778 1636 910 1703 sacello
927 1640 1122 1702 conventu-

128 1756 178 1823 ali
194 1757 315 1823 Beatae
330 1756 457 1823 Mariae
481 1756 525 1822 de
541 1755 713 1826 Victoriis
736 1757 987 1825 transflumen
1005 1759 1122 1826 Oswe-

127 1880 278 1965 gatchie‚
307 1879 372 1946 ubi
397 1879 505 1945 etiam
529 1889 693 1947 secessus
720 1881 891 1948 exercitia
917 1883 1125 1969 spiritualia

126 2003 277 2069 feliciter
299 2002 425 2069 habita
440 2003 592 2070 fuerant.
634 2005 677 2070 In
691 2005 903 2092 caprimum
922 2026 1124 2074 sermonem

128 2128 272 2194 brevem
288 2128 336 2194 ad
352 2132 610 2214 congregatum
627 2128 774 2196 Olenum
789 2128 873 2195 fecit
889 2129 1124 2217 Revmrnpis-

127 2271 253 2337 copus,
270 2253 353 2336 post
370 2270 489 2336 quem,
510 2269 585 2337 quo
601 2251 755 2318 liberius
770 2251 816 2319 de
831 2253 1030 2339 propositis
1048 2252 1124 2318 sta-

127 2377 216 2443 tutis
231 2375 471 2442 deliberarent
488 2375 699 2460 synodales,
720 2376 767 2442 ad
791 2379 938 2463 tempus
960 2363 999 2442 in
1016 2377 1128 2442 conti·

127 2518 241 2585 guum
255 2497 424 2563 conclave
436 2497 588 2564 recessit.
614 2496 725 2579 Tunc,
735 2497 880 2584 incepta
890 2497 1126 2581 discussione,

128 2621 282 2688 Decreta
296 2619 447 2687 Concilii
463 2618 623 2686 Plenarii
635 2621 673 2686 Π
690 2620 972 2701 Baltimorensis‚
985 2642 1124 2687 necnon

129 2741 374 2811 Conciliorum
411 2739 697 2807 Provincialium
729 2740 767 2807 N
769 2741 1122 2826 eo-Eboracensium‚

129 2867 164 2930 et
179 2860 463 2930 Constitutiones
479 2862 615 2949 pariter
629 2866 877 2929 anteactarum
892 2863 1124 2950 Synodorum

128 2981 393 3049 Albanensium
409 2982 592 3050 declarata
613 2987 700 3050 sunt
714 2984 926 3070 approbata,
947 2988 982 3049 et
1000 3003 1124 3070 accep-

128 3108 204 3171 tata
220 3109 306 3172 sunt
317 3107 493 3192 tanquam
510 3107 741 3191 promulgata
757 3109 793 3172 et
804 3106 876 3171 vim
891 3105 981 3192 legis
997 3105 1128 3172 haben-

128 3228 180 3295 tia
194 3229 232 3294 in
244 3228 313 3294 hac
323 3228 489 3296 Dioecesi.
528 3228 638 3294 Lecta
655 3231 740 3295 sunt
752 3228 882 3294 deinde
898 3231 933 3294 et
945 3247 1129 3314 perpensa

130 3354 273 3419 Statuta
291 3353 370 3438 jam
396 3354 525 3439 parata
550 3353 585 3417 et
614 3371 681 3437 pro
720 3350 907 3417 occasione
934 3351 1035 3439 typis
1062 3351 1126 3416 im-

129 3493 262 3560 pressa,
283 3492 335 3553 ao,
348 3471 477 3559 paucis
493 3470 652 3551 mutatis,
667 3470 768 3536 salvo
783 3469 1009 3557 beneplacito
1023 3469 1127 3537 Ordi-

130 3597 232 3678 narii,
245 3596 339 3663 votis
362 3596 527 3662 omnium
551 3594 705 3663 Patrum
721 3595 957 3682 praesentium
973 3597 1129 3683 probata

131 3729 166 3794 et
181 3726 319 3793 sancita
333 3725 491 3793 fuerunt.
