2512 4260
100 809 280 904 sinon
316 738 783 954 ocnnusnurcnuus
818 809 838 898 Ι
869 808 1097 902 sonum.

495 1234 658 1304 cAPUr
681 1235 710 1300 I.

101 1411 154 1460 DE
183 1410 428 1460 PRAEVIARUM
458 1411 698 1460 SYNODORUM
731 1410 1025 1460 AGOEPTATIONE
1051 1413 1100 1460 ΕΤ

429 1512 773 1561 PROMULGATIONE.

148 1672 179 1734 1.
202 1668 353 1736 Decreta
375 1668 536 1735 Plenarii
557 1668 709 1736 Concilii
727 1669 1001 1738 Baltimorensis
1015 1670 1063 1736 ’Π
1078 1691 1102 1737 a

107 1789 235 1855 Sancta
260 1789 350 1856 Sede
364 1789 578 1877 Apostolioa
600 1790 784 1877 recogniti
796 1794 833 1857 et
854 1793 1047 1878 approbati
1063 1792 1101 1858 in

104 1911 172 1977 hac
181 1911 340 1979 Dioeoesi
361 1915 548 1999 acceptata
563 1915 599 1979 et
613 1912 844 1999 promulgata
859 1911 1098 1996 declaramuS,

103 2032 317 2100 mandantes
333 2036 375 2099 ut
393 2033 439 2099 ab
456 2033 625 2100 omnibus
641 2036 677 2099 et
693 2008 856 2121 singulis'
869 2053 1027 2120 quorum
1049 2033 1101 2099 in-

102 2158 211 2222 terest
225 2154 380 2222 fideliter
394 2155 641 2222 observentur.

147 2346 177 2409 2.
206 2340 489 2408 Constitutiones
512 2341 648 2428 pariter
666 2341 704 2407 in
733 2339 904 2408 Oonoiliis
919 2340 1102 2408 Provinci-

93 2437 226 2532 alibus
249 2463 287 2530 N
288 2463 637 2530 eo-Eboracensibus
659 2467 695 2528 et
717 2462 756 2527 in
781 2466 936 2548 utraque
953 2460 1104 2545 synodo

105 2585 322 2653 Dioeoesana
336 2583 547 2666 Albanensi,
567 2583 672 2650 annis
699 2584 784 2648 1855
808 2585 845 2648 et
859 2584 953 2662 1869,
973 2582 1101 2665 editae,

106 2703 245 2791 quippe
261 2721 345 2789 quae
357 2721 482 2768 omnes
496 2701 545 2768 ad
555 2701 775 2768 territorium
792 2700 905 2788 hujus
921 2704 1007 2767 tuno
1018 2721 1103 2768 non-

107 2825 196 2892 dum
211 2823 399 2892 existentis
414 2822 592 2890 Dioeoesis
615 2823 835 2910 spectabant,
855 2823 1105 2910 approbamus

107 2951 143 3013 et
158 2944 425 3012 confirmamue

152 3120 182 3182 3.
206 3115 264 3183 Ne
278 3135 363 3182 vero
387 3114 534 3182 facilius
557 3115 596 3181 in
612 3115 830 3182 oblivionem
847 3114 994 3181 veniant
1009 3114 1103 3209 salu-

107 3241 201 3305 tares
216 3237 296 3305 istae
308 3237 414 3325 legen,
426 3237 532 3304 enixe
544 3236 733 3303 hortamur
745 3235 956 3302 Sacerdotes
969 3255 1104 3317 omnen,

97 3360 246 3454 ¹quibus
271 3359 475 3425 animarum
492 3377 579 3424 cura
597 3357 784 3437 incumbit,
805 3359 847 3423 ut
870 3357 996 3422 saltem
1014 3354 1106 3422 Oon·

108 3481 183 3548 ciiii
195 3478 354 3546 Plenarii
368 3478 511 3545 decreta
527 3478 637 3545 semel
647 3478 686 3543 in
701 3497 797 3544 anno
810 3498 883 3545 una
896 3498 979 3544 cum
992 3477 1107 3565 hujus

110 3599 250 3688 Synodi
267 3599 418 3666 statutis
434 3598 626 3700 diligenter
640 3598 838 3685 perlegant.
