2512 4260
481 328 526 372 nn
547 324 788 372 nrunrrrouro·
851 367 853 370 .
922 363 931 375 .
1089 320 1127 380 23

126 499 251 581 velint,
274 494 577 587 proclamationes
606 493 696 575 istis,
723 493 874 580 perinde
904 515 946 562 ao
976 498 1128 586 reliquis

127 620 364 708 temporibus,
377 618 476 699 fiant,
492 615 564 682 nisi
578 615 682 702 prius
697 614 807 682 fuerit
822 616 969 684 obtenta
985 617 1128 707 dispen-

127 741 231 810 satio
282 740 386 807 Ocno.
406 737 515 805 Pleu.
532 756 569 803 n.
586 740 660 803 333.

172 901 223 963 80.
247 894 352 962 Nihil
375 895 544 962 omittant
565 891 736 960 Pastores
751 895 793 960 ut
814 893 940 961 fideles
962 914 985 960 a
1000 895 1128 964 Mixtis

129 1017 311 1105 conjugiis
340 1016 596 1084 deterreantur.
651 1016 739 1084 Ideo
770 1017 973 1085 animarum
1003 1039 1128 1085 curam

129 1140 303 1207 habentes
332 1139 522 1206 hortamur
551 1142 594 1206 ut
623 1139 733 1206 semel
762 1139 801 1206 in
830 1159 936 1224 ann0,
967 1145 1129 1228 tempore

130 1263 331 1350 praesertim
348 1263 541 1329 Adventus
553 1262 610 1329 vel
623 1261 929 1349 Quadragesimae‚
940 1263 1042 1350 gravi
1058 1284 1127 1329 ser-

130 1404 236 1449 mone
251 1403 378 1469 greges
394 1383 463 1449 sibi
481 1383 692 1450 commissos
707 1384 814 1464 mala,
825 1403 910 1470 quae
925 1404 971 1450 ex
987 1383 1032 1450 iis
1047 1384 1127 1471 pul-

130 1502 259 1585 lulant,
274 1503 457 1586 edoceant,
473 1503 657 1589 simulque
678 1502 764 1569 fidei
780 1502 942 1590 pericula
957 1502 1127 1585 indicent,

131 1644 225 1711 quae
240 1627 318 1690 tum
335 1624 431 1710 parti
447 1624 645 1706 catholicae,
660 1628 739 1691 tum
751 1623 886 1691 futurae
901 1624 997 1711 proli
1012 1625 1127 1691 immi-

131 1748 226 1811 nent.
272 1744 495 1812 Gravissima
527 1745 765 1812 ostendantur
797 1744 911 1811 fuisse
945 1745 1128 1812 rationum

131 1871 321 1946 momenta,
338 1865 474 1951 quibus
490 1871 655 1952 permota
670 1864 804 1932 Christi
826 1864 987 1931 Ecclesia
1013 1865 1049 1932 id
1073 1887 1129 1952 ge

132 2005 203 2052 nus
219 1985 432 2072 nuptiarum
455 1987 585 2052 acriter
601 2006 742 2073 semper
764 1985 928 2068 vetuerit,
949 2003 991 2050 ao
1007 1985 1128 2051 etiam·

130 2127 219 2174 num
236 2111 339 2174 vetet.
387 2106 492 2174 eoae.
508 2106 616 2175 Plcn.
635 2127 672 2173 n.
689 2110 762 2173 336.

172 2284 224 2346 81.
248 2281 431 2362 Attamen,
455 2281 485 2347 si
520 2284 669 2367 propter
702 2279 941 2365 particulares
971 2278 1129 2345 rationes

130 2399 406 2467 Matrimonium
429 2399 643 2487 hujusmodi
666 2399 841 2486 expedire
870 2398 1045 2481 videatur,
1077 2419 1128 2464 se·

130 2527 282 2613 quentia
296 2526 572 2613 diligentissime
588 2527 722 2594 servari
737 2527 996 2614 praecipimus:

174 2679 216 2743 1⁰.
233 2679 282 2746 Ut
297 2680 441 2747 nullum
458 2681 554 2747 adsit
566 2680 769 2765 periculum
782 2679 1022 2768 perversionis
1033 2681 1130 2768 parti

131 2799 331 2867 catholicae.

173 2924 215 2990 2⁰.
232 2923 281 2992 Ut
295 2944 380 3011 pars
396 2922 584 3006 catholica,
600 2923 636 2988 in
663 2926 843 3010 quantum
870 2923 1011 3011 poterit,
1031 2924 1129 2989 labo-

131 3045 292 3109 raturam
309 3064 346 3111 se
368 3044 558 3131 promittat
575 3064 643 3132 pro
659 3044 891 3111 conversione
914 3043 1028 3130 partis
1050 3062 1129 3108 aca-

130 3161 286 3229 tholicae.

175 3283 216 3348 3⁰.
230 3283 279 3350 Ut
289 3303 373 3369 pars
385 3282 587 3349 acatholica
597 3281 786 3368 promittat
797 3280 971 3367 comperti
983 3278 1131 3346 catholi-

131 3420 194 3481 cae,
208 3399 258 3488 (a)
274 3401 487 3468 exercitium
498 3399 654 3466 liberum
667 3418 745 3465 suae
756 3397 959 3484 religionis3
982 3396 1130 3484 (b)Bap

131 3522 281 3589 tismum
298 3525 334 3588 et
348 3521 599 3589 educationem
615 3519 729 3607 prolis
744 3519 937 3605 utriusque
959 3539 1070 3587 sexus
1092 3518 1130 3584 in

131 3641 205 3708 fide
220 3640 407 3709 oatlrolica.
