2512 4260
133 304 172 361 12
288 320 417 366 0111001
439 321 768 369 oennnsnueennsrs
790 325 804 368 1
826 324 983 370 srnnurn.

174 491 227 552 42.
251 486 382 567 Quoad
398 509 531 572 pueros
547 493 583 555 et
605 490 760 575 puellas,
773 491 840 578 qui
854 491 975 578 prima
989 493 1067 559 vice
1082 493 1134 560 ad

133 606 278 672 Sacram
301 606 464 673 Mensam
499 608 667 675 accedere
698 609 841 692 debent,
869 608 1040 677 Pastores
1068 633 1132 679 eos

132 726 286 813 singulis
312 727 417 794 annis
447 728 495 794 ad
525 748 605 794 eam
630 729 759 796 sedulo
793 735 1009 816 praeparent,
1035 751 1133 818 quos

47 885 51 890 ·
131 856 281 940 propter
301 856 443 919 aetatem
459 873 501 918 ac
518 853 752 919 sufficientem
769 854 1015 941 spiritualium
1030 856 1134 923 intel·

130 972 316 1060 ligantiam
333 992 484 1059 capaces
506 973 581 1038 fore
603 972 856 1060 judicaverint.
903 973 1006 1041 Ocno.
1019 973 1132 1044 Pleu.

130 1112 168 1159 11.
181 1096 254 1158 260.

173 1266 226 1330 43.
254 1262 325 1330 Per
339 1262 503 1329 triduum
519 1266 641 1353 autem
658 1266 741 1330 ante
757 1263 912 1350 primam
926 1263 1135 1333 Communi-

131 1405 236 1451 onem
267 1388 345 1451 tum
391 1383 710 1450 exercitationibus
742 1384 824 1470 piis,
855 1388 934 1451 tum
971 1387 1134 1472 generali

130 1501 361 1593 potissimum
390 1499 624 1583 consessione,
644 1500 810 1587 proxime
830 1500 878 1567 ad
894 1521 972 1568 eam
988 1522 1132 1591 praepa-

130 1621 276 1700 rentur3
310 1616 393 1703 ipsa
409 1636 492 1682 vero
515 1616 583 1698 die,
601 1616 827 1682 solemnitate
850 1617 1010 1684 maxima
1032 1618 1134 1687 Divi-

129 1757 218 1803 num
246 1757 377 1824 panem
403 1740 558 1819 sumant,
579 1740 710 1803 cuncto
725 1737 950 1824 inspectante
973 1741 1128 1826 popule,

129 1861 165 1924 et
196 1858 395 1943 prasertim
428 1858 649 1944 parentibus,
675 1877 833 1944 quorum
869 1878 967 1926 curae
1001 1866 1133 1947 postea

128 1978 260 2044 animae
275 1976 355 2043 istae
371 1976 507 2043 coelesti
523 1976 687 2042 convivio
703 1976 855 2061 refectae,
870 1981 976 2044 erunt
992 1977 1130 2046 ferven-

127 2097 267 2164 tissimo
283 2097 468 2163 charitatis
490 2097 565 2162 nelo
581 2115 603 2161 a
618 2095 794 2163 Parochis
817 2097 1126 2168 commendanda.

127 2219 232 2286 Ictu.

169 2402 221 2465 44.
249 2395 479 2464 Meminerint
493 2414 579 2461 vero
594 2395 804 2462 Sacerdotes
821 2399 959 2461 tantam
976 2416 1050 2463 non
1067 2397 1128 2464 de·

127 2518 277 2586 siderari
294 2520 436 2584 aetatem
453 2518 495 2582 ut
510 2515 595 2602 quis
610 2515 648 2580 in
664 2515 818 2581 articulo
834 2515 959 2581 mortis
976 2515 1126 2584 Sanctis

127 2641 218 2708 simo
241 2639 385 2708 Viatico
409 2637 526 2724 possit
548 2640 584 2702 et
606 2620 735 2703 debeat
758 2636 901 2727 muniri,
918 2640 955 2703 et
977 2637 1128 2705 minime

125 2760 295 2828 dubitent
305 2757 379 2824 illis
390 2756 514 2844 pueris
526 2755 701 2822 Divinum
714 2755 813 2821 hunc
824 2755 955 2825 Cibum
965 2756 1129 2842 praebere

126 2879 192 2966 qui
222 2877 397 2944 Divinum
422 2875 559 2941 Panem
591 2875 677 2941 satis
708 2895 730 2940 a
756 2854 899 2962 vulgari
924 2874 1129 2944 discernere

125 2996 327 3079 didicerint,
348 3000 457 3082 atque
480 2994 604 3081 aliquo
628 3013 713 3079 erga
727 2993 832 3060 illum
856 2993 1001 3080 pietatis
1017 3013 1129 3062 sensu

125 3119 220 3187 affici
236 3117 478 3206 cognoverint.
526 3115 629 3183 Ocno.
647 3114 755 3182 Pleu.
771 3134 808 3182 11.
825 3118 899 3181 261.

168 3292 221 3357 45.
249 3288 406 3355 Infirmis
423 3262 699 3354 Sanctissimum
711 3286 897 3356 Viaticum
913 3286 1129 3372 tempestive

125 3413 318 3480 deferatur.
366 3411 403 3477 Si
418 3430 502 3476 vero
525 3409 651 3476 eadem
674 3408 849 3496 perduret
864 3407 1065 3491 infirmitas,
1085 3407 1125 3474 in

125 3558 168 3605 ea
184 3540 303 3624 potest
325 3539 360 3602 et
377 3536 484 3602 debet
500 3534 773 3601 Sanctissimum
791 3532 975 3602 Viaticum
993 3533 1126 3601 iterum

125 3682 168 3728 ac
191 3660 305 3726 tertio.
324 3659 398 3725 imo
421 3660 456 3723 et
479 3657 624 3742 saepius.
644 3655 899 3736 administrari,
923 3653 1126 3744 praesertim
